timestamp;buyer;seller;symbol;currency;price;quantity
100;;SUBMISSION;KELP;SEASHELLS;2034;1
100;;SUBMISSION;KELP;SEASHELLS;2034;1
100;;SUBMISSION;RAINFOREST_RESIN;SEASHELLS;10002;1
200;;SUBMISSION;KELP;SEASHELLS;2034;1
200;;SUBMISSION;RAINFOREST_RESIN;SEASHELLS;10003;1
300;;SUBMISSION;KELP;SEASHELLS;2034;1
300;;SUBMISSION;KELP;SEASHELLS;2034;1
500;;SUBMISSION;KELP;SEASHELLS;2034;1
700;SUBMISSION;;KELP;SEASHELLS;2033;1
800;SUBMISSION;;KELP;SEASHELLS;2033;3
800;SUBMISSION;;KELP;SEASHELLS;2033;6
800;SUBMISSION;;KELP;SEASHELLS;2033;1
800;SUBMISSION;;RAINFOREST_RESIN;SEASHELLS;10000;2
800;SUBMISSION;;RAINFOREST_RESIN;SEASHELLS;9997;1
900;;SUBMISSION;KELP;SEASHELLS;2034;15
900;SUBMISSION;;RAINFOREST_RESIN;SEASHELLS;9998;11
1200;SUBMISSION;;KELP;SEASHELLS;2032;1
1200;SUBMISSION;;KELP;SEASHELLS;2032;2
1200;SUBMISSION;;KELP;SEASHELLS;2032;1
1300;;SUBMISSION;RAINFOREST_RESIN;SEASHELLS;10002;1
1400;SUBMISSION;;KELP;SEASHELLS;2033;6
1500;SUBMISSION;;RAINFOREST_RESIN;SEASHELLS;9998;4
1800;;SUBMISSION;RAINFOREST_RESIN;SEASHELLS;10000;4
1900;SUBMISSION;;KELP;SEASHELLS;2033;1
2200;SUBMISSION;;RAINFOREST_RESIN;SEASHELLS;9998;4
2600;;SUBMISSION;RAINFOREST_RESIN;SEASHELLS;10002;1
3200;SUBMISSION;;KELP;SEASHELLS;2033;5
3200;;SUBMISSION;RAINFOREST_RESIN;SEASHELLS;10002;2
3300;;SUBMISSION;RAINFOREST_RESIN;SEASHELLS;10002;1
3700;SUBMISSION;;RAINFOREST_RESIN;SEASHELLS;9999;1
4000;SUBMISSION;;KELP;SEASHELLS;2033;1
4000;;SUBMISSION;RAINFOREST_RESIN;SEASHELLS;10002;1
4100;;SUBMISSION;RAINFOREST_RESIN;SEASHELLS;10000;5
4200;;SUBMISSION;RAINFOREST_RESIN;SEASHELLS;10002;5
4300;SUBMISSION;;KELP;SEASHELLS;2033;2
4800;;SUBMISSION;KELP;SEASHELLS;2034;1
5200;SUBMISSION;;KELP;SEASHELLS;2033;5
5200;SUBMISSION;;KELP;SEASHELLS;2033;4
5200;;SUBMISSION;RAINFOREST_RESIN;SEASHELLS;10000;1
5300;SUBMISSION;;RAINFOREST_RESIN;SEASHELLS;9998;12
5400;;SUBMISSION;RAINFOREST_RESIN;SEASHELLS;10004;1
5500;SUBMISSION;;KELP;SEASHELLS;2033;8
5500;;SUBMISSION;RAINFOREST_RESIN;SEASHELLS;10003;1
6200;;SUBMISSION;KELP;SEASHELLS;2034;1
6200;;SUBMISSION;KELP;SEASHELLS;2034;1
6300;;SUBMISSION;KELP;SEASHELLS;2034;11
6600;SUBMISSION;;KELP;SEASHELLS;2033;7
6700;;SUBMISSION;RAINFOREST_RESIN;SEASHELLS;10003;1
6800;SUBMISSION;;KELP;SEASHELLS;2033;1
6800;;SUBMISSION;RAINFOREST_RESIN;SEASHELLS;10000;5
7100;SUBMISSION;;RAINFOREST_RESIN;SEASHELLS;9998;5
7200;SUBMISSION;;RAINFOREST_RESIN;SEASHELLS;9997;1
7200;;SUBMISSION;RAINFOREST_RESIN;SEASHELLS;10001;1
7400;;SUBMISSION;KELP;SEASHELLS;2034;13
7400;;SUBMISSION;RAINFOREST_RESIN;SEASHELLS;10002;1
7600;;SUBMISSION;RAINFOREST_RESIN;SEASHELLS;10002;1
8000;;SUBMISSION;KELP;SEASHELLS;2034;1
8000;;SUBMISSION;KELP;SEASHELLS;2034;1
8000;;SUBMISSION;RAINFOREST_RESIN;SEASHELLS;10000;3
8200;SUBMISSION;;KELP;SEASHELLS;2033;1
8200;SUBMISSION;;RAINFOREST_RESIN;SEASHELLS;9997;1
8700;;SUBMISSION;KELP;SEASHELLS;2034;1
9100;SUBMISSION;;RAINFOREST_RESIN;SEASHELLS;9998;1
9300;;SUBMISSION;RAINFOREST_RESIN;SEASHELLS;10002;11
9400;;SUBMISSION;RAINFOREST_RESIN;SEASHELLS;10002;1
9500;;SUBMISSION;RAINFOREST_RESIN;SEASHELLS;10002;1
9700;SUBMISSION;;RAINFOREST_RESIN;SEASHELLS;10000;4
10100;;SUBMISSION;RAINFOREST_RESIN;SEASHELLS;10002;4
10300;;SUBMISSION;KELP;SEASHELLS;2035;1
10300;;SUBMISSION;RAINFOREST_RESIN;SEASHELLS;10003;1
10600;;SUBMISSION;KELP;SEASHELLS;2035;3
10600;SUBMISSION;;KELP;SEASHELLS;2034;4
10700;SUBMISSION;;RAINFOREST_RESIN;SEASHELLS;9998;3
10800;SUBMISSION;;KELP;SEASHELLS;2034;6
10800;SUBMISSION;;KELP;SEASHELLS;2034;6
10900;SUBMISSION;;KELP;SEASHELLS;2034;6
10900;SUBMISSION;;RAINFOREST_RESIN;SEASHELLS;10000;5
11700;;SUBMISSION;KELP;SEASHELLS;2034;4
11800;SUBMISSION;;KELP;SEASHELLS;2033;4
11900;;SUBMISSION;KELP;SEASHELLS;2034;4
11900;;SUBMISSION;RAINFOREST_RESIN;SEASHELLS;10002;1
12100;SUBMISSION;;RAINFOREST_RESIN;SEASHELLS;9998;8
12400;;SUBMISSION;RAINFOREST_RESIN;SEASHELLS;10002;1
12500;;SUBMISSION;RAINFOREST_RESIN;SEASHELLS;10000;3
12600;;SUBMISSION;RAINFOREST_RESIN;SEASHELLS;10000;3
12700;;SUBMISSION;RAINFOREST_RESIN;SEASHELLS;10002;1
13100;SUBMISSION;;KELP;SEASHELLS;2033;2
13100;SUBMISSION;;KELP;SEASHELLS;2033;4
13100;SUBMISSION;;KELP;SEASHELLS;2033;2
13100;SUBMISSION;;RAINFOREST_RESIN;SEASHELLS;10000;1
13200;;SUBMISSION;KELP;SEASHELLS;2034;1
13300;;SUBMISSION;RAINFOREST_RESIN;SEASHELLS;10002;2
13700;;SUBMISSION;RAINFOREST_RESIN;SEASHELLS;10002;1
13900;SUBMISSION;;KELP;SEASHELLS;2033;3
14000;SUBMISSION;;KELP;SEASHELLS;2033;1
14000;;SUBMISSION;RAINFOREST_RESIN;SEASHELLS;10002;6
14100;SUBMISSION;;KELP;SEASHELLS;2033;15
14400;SUBMISSION;;KELP;SEASHELLS;2033;1
14400;SUBMISSION;;KELP;SEASHELLS;2033;2
14400;;SUBMISSION;RAINFOREST_RESIN;SEASHELLS;10002;4
14600;SUBMISSION;;KELP;SEASHELLS;2033;2
14800;SUBMISSION;;RAINFOREST_RESIN;SEASHELLS;9998;1
14900;;SUBMISSION;KELP;SEASHELLS;2034;4
15000;SUBMISSION;;KELP;SEASHELLS;2033;1
15100;SUBMISSION;;RAINFOREST_RESIN;SEASHELLS;9998;1
15500;SUBMISSION;;RAINFOREST_RESIN;SEASHELLS;9998;11
15800;;SUBMISSION;KELP;SEASHELLS;2035;2
15800;;SUBMISSION;RAINFOREST_RESIN;SEASHELLS;10003;2
15900;SUBMISSION;;KELP;SEASHELLS;2033;3
15900;SUBMISSION;;KELP;SEASHELLS;2033;2
16200;;SUBMISSION;RAINFOREST_RESIN;SEASHELLS;10001;3
16300;SUBMISSION;;RAINFOREST_RESIN;SEASHELLS;9997;1
16300;SUBMISSION;;RAINFOREST_RESIN;SEASHELLS;9997;1
16700;;SUBMISSION;RAINFOREST_RESIN;SEASHELLS;10002;1
17400;;SUBMISSION;KELP;SEASHELLS;2035;2
17400;SUBMISSION;;RAINFOREST_RESIN;SEASHELLS;9998;11
17500;;SUBMISSION;KELP;SEASHELLS;2035;12
17800;SUBMISSION;;RAINFOREST_RESIN;SEASHELLS;9998;3
17900;;SUBMISSION;KELP;SEASHELLS;2035;1
17900;;SUBMISSION;KELP;SEASHELLS;2035;1
17900;SUBMISSION;;RAINFOREST_RESIN;SEASHELLS;9998;1
18100;SUBMISSION;;KELP;SEASHELLS;2034;8
18200;SUBMISSION;;KELP;SEASHELLS;2034;1
18200;SUBMISSION;;RAINFOREST_RESIN;SEASHELLS;9997;1
18200;;SUBMISSION;RAINFOREST_RESIN;SEASHELLS;10001;9
18400;;SUBMISSION;KELP;SEASHELLS;2035;1
18600;SUBMISSION;;KELP;SEASHELLS;2034;8
18700;;SUBMISSION;RAINFOREST_RESIN;SEASHELLS;10002;1
18900;;SUBMISSION;RAINFOREST_RESIN;SEASHELLS;10002;1
19300;SUBMISSION;;RAINFOREST_RESIN;SEASHELLS;9998;6
19600;;SUBMISSION;KELP;SEASHELLS;2035;11
19600;;SUBMISSION;RAINFOREST_RESIN;SEASHELLS;10002;1
19900;SUBMISSION;;RAINFOREST_RESIN;SEASHELLS;9998;1
19900;SUBMISSION;;RAINFOREST_RESIN;SEASHELLS;9997;1
20000;SUBMISSION;;RAINFOREST_RESIN;SEASHELLS;9998;1
20100;SUBMISSION;;RAINFOREST_RESIN;SEASHELLS;9998;4
20200;;SUBMISSION;RAINFOREST_RESIN;SEASHELLS;10002;1
20300;;SUBMISSION;RAINFOREST_RESIN;SEASHELLS;10002;4
20400;;SUBMISSION;RAINFOREST_RESIN;SEASHELLS;10002;2
20500;SUBMISSION;;KELP;SEASHELLS;2034;2
20500;SUBMISSION;;KELP;SEASHELLS;2034;8
20600;;SUBMISSION;KELP;SEASHELLS;2035;2
20600;SUBMISSION;;RAINFOREST_RESIN;SEASHELLS;9998;4
20700;SUBMISSION;;KELP;SEASHELLS;2034;2
20900;SUBMISSION;;KELP;SEASHELLS;2034;1
21200;;SUBMISSION;KELP;SEASHELLS;2035;1
21200;;SUBMISSION;KELP;SEASHELLS;2035;1
21200;SUBMISSION;;RAINFOREST_RESIN;SEASHELLS;9998;1
21500;SUBMISSION;;KELP;SEASHELLS;2033;2
22100;;SUBMISSION;KELP;SEASHELLS;2035;1
22200;;SUBMISSION;RAINFOREST_RESIN;SEASHELLS;10002;1
22400;;SUBMISSION;RAINFOREST_RESIN;SEASHELLS;10001;1
22600;;SUBMISSION;KELP;SEASHELLS;2035;1
22800;;SUBMISSION;RAINFOREST_RESIN;SEASHELLS;10002;1
22900;SUBMISSION;;KELP;SEASHELLS;2034;1
22900;;SUBMISSION;RAINFOREST_RESIN;SEASHELLS;10002;2
23000;;SUBMISSION;KELP;SEASHELLS;2035;1
23000;;SUBMISSION;KELP;SEASHELLS;2035;1
23000;;SUBMISSION;RAINFOREST_RESIN;SEASHELLS;10001;1
23200;SUBMISSION;;KELP;SEASHELLS;2034;1
23400;SUBMISSION;;KELP;SEASHELLS;2034;2
23700;;SUBMISSION;KELP;SEASHELLS;2035;1
24300;SUBMISSION;;KELP;SEASHELLS;2034;1
24300;;SUBMISSION;RAINFOREST_RESIN;SEASHELLS;10002;1
25000;;SUBMISSION;RAINFOREST_RESIN;SEASHELLS;10002;1
25100;SUBMISSION;;RAINFOREST_RESIN;SEASHELLS;9999;1
25400;;SUBMISSION;RAINFOREST_RESIN;SEASHELLS;10002;3
25800;;SUBMISSION;RAINFOREST_RESIN;SEASHELLS;10002;1
25900;;SUBMISSION;KELP;SEASHELLS;2035;2
25900;;SUBMISSION;RAINFOREST_RESIN;SEASHELLS;10003;2
26000;;SUBMISSION;KELP;SEASHELLS;2035;1
26000;;SUBMISSION;KELP;SEASHELLS;2035;1
26100;;SUBMISSION;KELP;SEASHELLS;2035;1
26100;;SUBMISSION;RAINFOREST_RESIN;SEASHELLS;10002;1
26200;;SUBMISSION;RAINFOREST_RESIN;SEASHELLS;10002;1
26300;SUBMISSION;;KELP;SEASHELLS;2034;1
26300;;SUBMISSION;RAINFOREST_RESIN;SEASHELLS;10001;4
26600;SUBMISSION;;RAINFOREST_RESIN;SEASHELLS;9998;4
26700;;SUBMISSION;KELP;SEASHELLS;2035;1
26700;;SUBMISSION;KELP;SEASHELLS;2035;1
26800;;SUBMISSION;RAINFOREST_RESIN;SEASHELLS;10002;1
27100;;SUBMISSION;KELP;SEASHELLS;2035;1
27100;;SUBMISSION;KELP;SEASHELLS;2035;1
27100;SUBMISSION;;RAINFOREST_RESIN;SEASHELLS;9998;1
27200;;SUBMISSION;KELP;SEASHELLS;2035;1
27300;SUBMISSION;;KELP;SEASHELLS;2034;1
27400;SUBMISSION;;RAINFOREST_RESIN;SEASHELLS;9998;3
27600;;SUBMISSION;KELP;SEASHELLS;2035;1
27800;SUBMISSION;;RAINFOREST_RESIN;SEASHELLS;9999;3
28100;;SUBMISSION;RAINFOREST_RESIN;SEASHELLS;10003;1
28100;;SUBMISSION;RAINFOREST_RESIN;SEASHELLS;10003;2
28600;SUBMISSION;;KELP;SEASHELLS;2034;5
28600;SUBMISSION;;RAINFOREST_RESIN;SEASHELLS;10000;1
28700;SUBMISSION;;KELP;SEASHELLS;2034;1
29000;;SUBMISSION;RAINFOREST_RESIN;SEASHELLS;10002;1
29300;;SUBMISSION;KELP;SEASHELLS;2035;1
29400;;SUBMISSION;RAINFOREST_RESIN;SEASHELLS;10001;1
29500;SUBMISSION;;KELP;SEASHELLS;2034;1
29600;SUBMISSION;;KELP;SEASHELLS;2034;3
29600;SUBMISSION;;RAINFOREST_RESIN;SEASHELLS;10000;2
29800;;SUBMISSION;KELP;SEASHELLS;2035;1
29800;;SUBMISSION;RAINFOREST_RESIN;SEASHELLS;10004;5
29900;;SUBMISSION;KELP;SEASHELLS;2035;15
30200;SUBMISSION;;RAINFOREST_RESIN;SEASHELLS;9998;1
30300;;SUBMISSION;RAINFOREST_RESIN;SEASHELLS;10002;4
30400;;SUBMISSION;KELP;SEASHELLS;2035;2
30600;;SUBMISSION;RAINFOREST_RESIN;SEASHELLS;10002;1
31000;;SUBMISSION;KELP;SEASHELLS;2035;6
31000;;SUBMISSION;RAINFOREST_RESIN;SEASHELLS;10001;1
31000;;SUBMISSION;RAINFOREST_RESIN;SEASHELLS;10001;1
31100;SUBMISSION;;KELP;SEASHELLS;2034;9
31100;SUBMISSION;;KELP;SEASHELLS;2034;15
31100;;SUBMISSION;RAINFOREST_RESIN;SEASHELLS;10002;1
31200;;SUBMISSION;RAINFOREST_RESIN;SEASHELLS;10001;1
31200;;SUBMISSION;RAINFOREST_RESIN;SEASHELLS;10001;6
31600;SUBMISSION;;RAINFOREST_RESIN;SEASHELLS;9998;3
31700;SUBMISSION;;RAINFOREST_RESIN;SEASHELLS;9996;3
31700;;SUBMISSION;RAINFOREST_RESIN;SEASHELLS;10001;1
31800;;SUBMISSION;KELP;SEASHELLS;2035;2
32100;SUBMISSION;;KELP;SEASHELLS;2034;2
32100;SUBMISSION;;RAINFOREST_RESIN;SEASHELLS;9999;2
32500;;SUBMISSION;KELP;SEASHELLS;2036;9
32500;;SUBMISSION;RAINFOREST_RESIN;SEASHELLS;10002;1
33200;;SUBMISSION;KELP;SEASHELLS;2036;1
33600;SUBMISSION;;RAINFOREST_RESIN;SEASHELLS;9998;2
33900;;SUBMISSION;RAINFOREST_RESIN;SEASHELLS;10003;1
33900;;SUBMISSION;RAINFOREST_RESIN;SEASHELLS;10003;11
34200;;SUBMISSION;RAINFOREST_RESIN;SEASHELLS;10001;1
34300;SUBMISSION;;KELP;SEASHELLS;2035;1
34600;;SUBMISSION;KELP;SEASHELLS;2036;14
34800;SUBMISSION;;KELP;SEASHELLS;2035;10
35400;;SUBMISSION;RAINFOREST_RESIN;SEASHELLS;10002;1
35700;;SUBMISSION;KELP;SEASHELLS;2036;11
36000;SUBMISSION;;KELP;SEASHELLS;2035;2
36000;SUBMISSION;;KELP;SEASHELLS;2035;2
36000;SUBMISSION;;RAINFOREST_RESIN;SEASHELLS;10000;2
36500;SUBMISSION;;KELP;SEASHELLS;2035;1
36600;SUBMISSION;;KELP;SEASHELLS;2035;2
36600;SUBMISSION;;KELP;SEASHELLS;2035;2
36600;SUBMISSION;;RAINFOREST_RESIN;SEASHELLS;10000;2
36700;;SUBMISSION;RAINFOREST_RESIN;SEASHELLS;10002;1
37100;;SUBMISSION;KELP;SEASHELLS;2036;9
37300;SUBMISSION;;RAINFOREST_RESIN;SEASHELLS;9997;1
37600;SUBMISSION;;KELP;SEASHELLS;2035;9
37600;;SUBMISSION;KELP;SEASHELLS;2036;1
37600;;SUBMISSION;RAINFOREST_RESIN;SEASHELLS;10003;1
37600;;SUBMISSION;RAINFOREST_RESIN;SEASHELLS;10003;9
37700;;SUBMISSION;RAINFOREST_RESIN;SEASHELLS;10002;1
37800;;SUBMISSION;KELP;SEASHELLS;2036;2
37800;;SUBMISSION;RAINFOREST_RESIN;SEASHELLS;10003;2
38400;SUBMISSION;;KELP;SEASHELLS;2035;4
38600;;SUBMISSION;RAINFOREST_RESIN;SEASHELLS;10002;1
38700;SUBMISSION;;KELP;SEASHELLS;2035;1
38700;;SUBMISSION;RAINFOREST_RESIN;SEASHELLS;10003;2
39000;SUBMISSION;;KELP;SEASHELLS;2035;3
39000;SUBMISSION;;RAINFOREST_RESIN;SEASHELLS;10000;3
39100;;SUBMISSION;KELP;SEASHELLS;2036;1
39100;SUBMISSION;;RAINFOREST_RESIN;SEASHELLS;9998;3
39200;SUBMISSION;;KELP;SEASHELLS;2035;4
39200;SUBMISSION;;KELP;SEASHELLS;2035;2
39200;SUBMISSION;;KELP;SEASHELLS;2035;4
39200;SUBMISSION;;RAINFOREST_RESIN;SEASHELLS;10000;4
39200;SUBMISSION;;RAINFOREST_RESIN;SEASHELLS;9996;2
39700;SUBMISSION;;KELP;SEASHELLS;2035;1
39700;SUBMISSION;;RAINFOREST_RESIN;SEASHELLS;10000;6
39800;SUBMISSION;;RAINFOREST_RESIN;SEASHELLS;9998;1
40000;;SUBMISSION;RAINFOREST_RESIN;SEASHELLS;10002;11
40200;;SUBMISSION;KELP;SEASHELLS;2036;6
40300;;SUBMISSION;RAINFOREST_RESIN;SEASHELLS;10002;4
40500;;SUBMISSION;KELP;SEASHELLS;2036;13
40600;;SUBMISSION;RAINFOREST_RESIN;SEASHELLS;10002;1
40700;;SUBMISSION;KELP;SEASHELLS;2036;1
40700;;SUBMISSION;KELP;SEASHELLS;2036;1
41000;SUBMISSION;;RAINFOREST_RESIN;SEASHELLS;10000;2
41400;SUBMISSION;;KELP;SEASHELLS;2035;5
41700;;SUBMISSION;KELP;SEASHELLS;2036;2
41800;SUBMISSION;;KELP;SEASHELLS;2035;1
42000;SUBMISSION;;RAINFOREST_RESIN;SEASHELLS;9998;1
42100;;SUBMISSION;RAINFOREST_RESIN;SEASHELLS;10002;2
42400;SUBMISSION;;KELP;SEASHELLS;2035;1
42400;SUBMISSION;;RAINFOREST_RESIN;SEASHELLS;9997;1
42600;;SUBMISSION;KELP;SEASHELLS;2036;1
42800;SUBMISSION;;KELP;SEASHELLS;2035;2
42800;SUBMISSION;;KELP;SEASHELLS;2035;4
42800;SUBMISSION;;KELP;SEASHELLS;2035;2
42800;SUBMISSION;;RAINFOREST_RESIN;SEASHELLS;10000;2
42900;;SUBMISSION;RAINFOREST_RESIN;SEASHELLS;10002;5
43200;SUBMISSION;;RAINFOREST_RESIN;SEASHELLS;9997;2
43300;;SUBMISSION;KELP;SEASHELLS;2036;1
43600;;SUBMISSION;RAINFOREST_RESIN;SEASHELLS;10001;2
43900;SUBMISSION;;KELP;SEASHELLS;2035;1
43900;;SUBMISSION;KELP;SEASHELLS;2036;2
43900;;SUBMISSION;RAINFOREST_RESIN;SEASHELLS;10001;1
43900;;SUBMISSION;RAINFOREST_RESIN;SEASHELLS;10001;4
43900;;SUBMISSION;RAINFOREST_RESIN;SEASHELLS;10001;2
44000;;SUBMISSION;RAINFOREST_RESIN;SEASHELLS;10002;4
44300;SUBMISSION;;RAINFOREST_RESIN;SEASHELLS;9998;2
44700;;SUBMISSION;KELP;SEASHELLS;2036;1
45000;SUBMISSION;;KELP;SEASHELLS;2035;1
45100;SUBMISSION;;RAINFOREST_RESIN;SEASHELLS;9998;1
45200;;SUBMISSION;RAINFOREST_RESIN;SEASHELLS;10002;1
45300;SUBMISSION;;KELP;SEASHELLS;2035;1
45500;SUBMISSION;;KELP;SEASHELLS;2034;2
45500;SUBMISSION;;KELP;SEASHELLS;2034;4
45500;SUBMISSION;;KELP;SEASHELLS;2034;1
45500;SUBMISSION;;KELP;SEASHELLS;2034;2
45500;SUBMISSION;;RAINFOREST_RESIN;SEASHELLS;9998;3
45700;;SUBMISSION;RAINFOREST_RESIN;SEASHELLS;10002;1
45800;;SUBMISSION;KELP;SEASHELLS;2035;5
45900;SUBMISSION;;KELP;SEASHELLS;2034;1
46000;SUBMISSION;;RAINFOREST_RESIN;SEASHELLS;9998;1
46400;;SUBMISSION;KELP;SEASHELLS;2035;1
46500;;SUBMISSION;KELP;SEASHELLS;2035;2
46500;SUBMISSION;;RAINFOREST_RESIN;SEASHELLS;9998;1
46600;;SUBMISSION;KELP;SEASHELLS;2035;1
46900;SUBMISSION;;KELP;SEASHELLS;2034;9
47100;SUBMISSION;;RAINFOREST_RESIN;SEASHELLS;9998;1
47200;;SUBMISSION;KELP;SEASHELLS;2035;1
47200;;SUBMISSION;KELP;SEASHELLS;2035;1
47400;;SUBMISSION;KELP;SEASHELLS;2035;5
47400;SUBMISSION;;RAINFOREST_RESIN;SEASHELLS;9999;1
47500;SUBMISSION;;RAINFOREST_RESIN;SEASHELLS;9998;1
47700;SUBMISSION;;KELP;SEASHELLS;2034;7
48000;;SUBMISSION;RAINFOREST_RESIN;SEASHELLS;10002;2
48700;SUBMISSION;;RAINFOREST_RESIN;SEASHELLS;10000;2
49000;;SUBMISSION;RAINFOREST_RESIN;SEASHELLS;10003;1
49000;;SUBMISSION;RAINFOREST_RESIN;SEASHELLS;10003;1
49200;;SUBMISSION;RAINFOREST_RESIN;SEASHELLS;10002;3
49600;SUBMISSION;;RAINFOREST_RESIN;SEASHELLS;10000;3
49700;;SUBMISSION;KELP;SEASHELLS;2036;1
49800;SUBMISSION;;KELP;SEASHELLS;2035;1
49800;;SUBMISSION;KELP;SEASHELLS;2036;1
49800;;SUBMISSION;RAINFOREST_RESIN;SEASHELLS;10001;1
50100;;SUBMISSION;RAINFOREST_RESIN;SEASHELLS;10002;4
50400;SUBMISSION;;KELP;SEASHELLS;2035;1
50600;;SUBMISSION;KELP;SEASHELLS;2036;1
50600;SUBMISSION;;RAINFOREST_RESIN;SEASHELLS;10000;5
50900;SUBMISSION;;KELP;SEASHELLS;2035;1
50900;SUBMISSION;;RAINFOREST_RESIN;SEASHELLS;10000;5
51300;SUBMISSION;;RAINFOREST_RESIN;SEASHELLS;9998;5
51400;;SUBMISSION;KELP;SEASHELLS;2036;5
51500;SUBMISSION;;RAINFOREST_RESIN;SEASHELLS;9996;2
51600;;SUBMISSION;KELP;SEASHELLS;2036;3
51600;;SUBMISSION;KELP;SEASHELLS;2036;1
52000;SUBMISSION;;KELP;SEASHELLS;2035;5
52000;SUBMISSION;;RAINFOREST_RESIN;SEASHELLS;10000;5
52000;SUBMISSION;;RAINFOREST_RESIN;SEASHELLS;9999;1
52200;SUBMISSION;;KELP;SEASHELLS;2034;1
52200;SUBMISSION;;KELP;SEASHELLS;2034;2
52400;;SUBMISSION;RAINFOREST_RESIN;SEASHELLS;10002;3
52600;SUBMISSION;;KELP;SEASHELLS;2034;1
52600;;SUBMISSION;RAINFOREST_RESIN;SEASHELLS;10003;1
53100;SUBMISSION;;RAINFOREST_RESIN;SEASHELLS;9998;5
53200;;SUBMISSION;KELP;SEASHELLS;2036;1
53300;SUBMISSION;;KELP;SEASHELLS;2035;1
53400;SUBMISSION;;RAINFOREST_RESIN;SEASHELLS;9998;1
53900;SUBMISSION;;RAINFOREST_RESIN;SEASHELLS;10000;4
54000;;SUBMISSION;RAINFOREST_RESIN;SEASHELLS;10001;1
54100;;SUBMISSION;RAINFOREST_RESIN;SEASHELLS;10003;1
54100;;SUBMISSION;RAINFOREST_RESIN;SEASHELLS;10003;1
54300;;SUBMISSION;RAINFOREST_RESIN;SEASHELLS;10002;1
54600;;SUBMISSION;RAINFOREST_RESIN;SEASHELLS;10002;2
54700;;SUBMISSION;KELP;SEASHELLS;2036;2
54700;;SUBMISSION;RAINFOREST_RESIN;SEASHELLS;10003;1
54700;;SUBMISSION;RAINFOREST_RESIN;SEASHELLS;10003;2
54700;;SUBMISSION;RAINFOREST_RESIN;SEASHELLS;10003;4
54900;;SUBMISSION;KELP;SEASHELLS;2036;1
55300;;SUBMISSION;KELP;SEASHELLS;2036;1
55300;;SUBMISSION;RAINFOREST_RESIN;SEASHELLS;10001;5
55300;;SUBMISSION;RAINFOREST_RESIN;SEASHELLS;10001;3
55400;SUBMISSION;;RAINFOREST_RESIN;SEASHELLS;9999;6
56100;SUBMISSION;;RAINFOREST_RESIN;SEASHELLS;9998;1
56200;SUBMISSION;;KELP;SEASHELLS;2035;4
56200;SUBMISSION;;RAINFOREST_RESIN;SEASHELLS;10000;4
56500;;SUBMISSION;RAINFOREST_RESIN;SEASHELLS;10001;6
56700;SUBMISSION;;RAINFOREST_RESIN;SEASHELLS;9999;1
57100;SUBMISSION;;RAINFOREST_RESIN;SEASHELLS;9999;1
57600;;SUBMISSION;KELP;SEASHELLS;2035;5
57900;SUBMISSION;;KELP;SEASHELLS;2034;5
58000;;SUBMISSION;KELP;SEASHELLS;2036;14
58100;;SUBMISSION;RAINFOREST_RESIN;SEASHELLS;10004;7
58600;SUBMISSION;;KELP;SEASHELLS;2034;1
58600;SUBMISSION;;RAINFOREST_RESIN;SEASHELLS;9997;1
58700;SUBMISSION;;RAINFOREST_RESIN;SEASHELLS;9998;1
58700;SUBMISSION;;RAINFOREST_RESIN;SEASHELLS;9998;2
58700;SUBMISSION;;RAINFOREST_RESIN;SEASHELLS;10000;2
58800;;SUBMISSION;RAINFOREST_RESIN;SEASHELLS;10003;1
58800;;SUBMISSION;RAINFOREST_RESIN;SEASHELLS;10003;1
58900;;SUBMISSION;RAINFOREST_RESIN;SEASHELLS;10003;2
59100;SUBMISSION;;RAINFOREST_RESIN;SEASHELLS;9999;1
59200;;SUBMISSION;KELP;SEASHELLS;2036;10
59200;;SUBMISSION;RAINFOREST_RESIN;SEASHELLS;10002;1
59400;;SUBMISSION;RAINFOREST_RESIN;SEASHELLS;10002;1
59600;;SUBMISSION;RAINFOREST_RESIN;SEASHELLS;10002;1
59700;;SUBMISSION;KELP;SEASHELLS;2036;1
59700;;SUBMISSION;KELP;SEASHELLS;2036;1
59900;SUBMISSION;;KELP;SEASHELLS;2035;2
59900;SUBMISSION;;RAINFOREST_RESIN;SEASHELLS;9997;2
60000;SUBMISSION;;RAINFOREST_RESIN;SEASHELLS;9998;3
60400;SUBMISSION;;RAINFOREST_RESIN;SEASHELLS;9998;1
60400;SUBMISSION;;RAINFOREST_RESIN;SEASHELLS;9997;2
60400;SUBMISSION;;RAINFOREST_RESIN;SEASHELLS;9997;5
60500;SUBMISSION;;RAINFOREST_RESIN;SEASHELLS;10000;2
60600;SUBMISSION;;RAINFOREST_RESIN;SEASHELLS;9997;1
60800;;SUBMISSION;KELP;SEASHELLS;2036;1
60800;;SUBMISSION;KELP;SEASHELLS;2036;1
61000;SUBMISSION;;RAINFOREST_RESIN;SEASHELLS;9998;1
61200;SUBMISSION;;KELP;SEASHELLS;2035;3
61200;SUBMISSION;;KELP;SEASHELLS;2035;1
61500;;SUBMISSION;KELP;SEASHELLS;2036;1
61500;;SUBMISSION;KELP;SEASHELLS;2036;1
61800;SUBMISSION;;KELP;SEASHELLS;2035;1
61900;SUBMISSION;;KELP;SEASHELLS;2034;9
62700;;SUBMISSION;KELP;SEASHELLS;2036;15
62700;SUBMISSION;;RAINFOREST_RESIN;SEASHELLS;9999;1
62800;SUBMISSION;;RAINFOREST_RESIN;SEASHELLS;9996;12
62900;;SUBMISSION;RAINFOREST_RESIN;SEASHELLS;10002;11
63100;SUBMISSION;;RAINFOREST_RESIN;SEASHELLS;9998;1
63300;;SUBMISSION;RAINFOREST_RESIN;SEASHELLS;10002;4
63700;SUBMISSION;;RAINFOREST_RESIN;SEASHELLS;10000;5
63800;SUBMISSION;;RAINFOREST_RESIN;SEASHELLS;9998;1
63900;SUBMISSION;;RAINFOREST_RESIN;SEASHELLS;10000;2
64000;SUBMISSION;;KELP;SEASHELLS;2034;1
64000;SUBMISSION;;RAINFOREST_RESIN;SEASHELLS;9998;11
64600;SUBMISSION;;RAINFOREST_RESIN;SEASHELLS;9997;2
64700;;SUBMISSION;RAINFOREST_RESIN;SEASHELLS;10002;1
64800;SUBMISSION;;KELP;SEASHELLS;2034;1
64800;SUBMISSION;;KELP;SEASHELLS;2034;2
64900;SUBMISSION;;RAINFOREST_RESIN;SEASHELLS;9998;4
65200;SUBMISSION;;KELP;SEASHELLS;2034;1
65400;SUBMISSION;;KELP;SEASHELLS;2035;1
65400;SUBMISSION;;KELP;SEASHELLS;2035;2
65700;SUBMISSION;;KELP;SEASHELLS;2035;1
65800;;SUBMISSION;RAINFOREST_RESIN;SEASHELLS;10002;4
66100;;SUBMISSION;KELP;SEASHELLS;2036;1
66100;;SUBMISSION;KELP;SEASHELLS;2036;2
66100;;SUBMISSION;RAINFOREST_RESIN;SEASHELLS;10003;2
66200;;SUBMISSION;KELP;SEASHELLS;2035;5
66200;;SUBMISSION;RAINFOREST_RESIN;SEASHELLS;10002;1
66300;;SUBMISSION;KELP;SEASHELLS;2035;3
66300;;SUBMISSION;KELP;SEASHELLS;2036;4
66600;;SUBMISSION;RAINFOREST_RESIN;SEASHELLS;10002;3
67400;SUBMISSION;;RAINFOREST_RESIN;SEASHELLS;9997;1
67400;SUBMISSION;;RAINFOREST_RESIN;SEASHELLS;9997;4
67700;SUBMISSION;;RAINFOREST_RESIN;SEASHELLS;10000;1
67800;SUBMISSION;;RAINFOREST_RESIN;SEASHELLS;9997;2
67800;SUBMISSION;;RAINFOREST_RESIN;SEASHELLS;9997;3
68000;;SUBMISSION;RAINFOREST_RESIN;SEASHELLS;10001;1
68200;SUBMISSION;;RAINFOREST_RESIN;SEASHELLS;9998;1
68400;;SUBMISSION;RAINFOREST_RESIN;SEASHELLS;10002;1
68500;;SUBMISSION;KELP;SEASHELLS;2036;1
68500;;SUBMISSION;RAINFOREST_RESIN;SEASHELLS;10003;1
68600;SUBMISSION;;RAINFOREST_RESIN;SEASHELLS;9998;1
69100;SUBMISSION;;KELP;SEASHELLS;2035;1
69100;SUBMISSION;;RAINFOREST_RESIN;SEASHELLS;9997;1
69700;;SUBMISSION;RAINFOREST_RESIN;SEASHELLS;10002;1
69800;SUBMISSION;;KELP;SEASHELLS;2035;1
69900;;SUBMISSION;RAINFOREST_RESIN;SEASHELLS;10002;1
70100;SUBMISSION;;KELP;SEASHELLS;2035;1
70100;;SUBMISSION;RAINFOREST_RESIN;SEASHELLS;10002;1
70300;;SUBMISSION;KELP;SEASHELLS;2036;1
70300;;SUBMISSION;RAINFOREST_RESIN;SEASHELLS;10003;1
70400;;SUBMISSION;RAINFOREST_RESIN;SEASHELLS;10002;13
70500;;SUBMISSION;RAINFOREST_RESIN;SEASHELLS;10002;1
70600;SUBMISSION;;KELP;SEASHELLS;2035;1
70600;;SUBMISSION;RAINFOREST_RESIN;SEASHELLS;10002;1
70700;;SUBMISSION;KELP;SEASHELLS;2036;1
70700;;SUBMISSION;RAINFOREST_RESIN;SEASHELLS;10004;1
70800;SUBMISSION;;RAINFOREST_RESIN;SEASHELLS;9998;5
71000;;SUBMISSION;KELP;SEASHELLS;2036;1
71000;SUBMISSION;;RAINFOREST_RESIN;SEASHELLS;9998;3
71100;SUBMISSION;;RAINFOREST_RESIN;SEASHELLS;9999;4
71200;SUBMISSION;;RAINFOREST_RESIN;SEASHELLS;9998;1
71400;;SUBMISSION;RAINFOREST_RESIN;SEASHELLS;10002;2
71700;SUBMISSION;;KELP;SEASHELLS;2034;1
71700;SUBMISSION;;RAINFOREST_RESIN;SEASHELLS;9998;1
71700;SUBMISSION;;RAINFOREST_RESIN;SEASHELLS;9997;1
71800;SUBMISSION;;RAINFOREST_RESIN;SEASHELLS;9998;1
72100;SUBMISSION;;RAINFOREST_RESIN;SEASHELLS;9998;1
72200;SUBMISSION;;RAINFOREST_RESIN;SEASHELLS;9998;1
72500;;SUBMISSION;KELP;SEASHELLS;2035;4
72500;;SUBMISSION;RAINFOREST_RESIN;SEASHELLS;10000;1
72800;SUBMISSION;;KELP;SEASHELLS;2034;8
72800;SUBMISSION;;KELP;SEASHELLS;2034;16
72800;SUBMISSION;;KELP;SEASHELLS;2034;8
73400;;SUBMISSION;RAINFOREST_RESIN;SEASHELLS;10001;1
73600;SUBMISSION;;KELP;SEASHELLS;2034;2
73600;SUBMISSION;;RAINFOREST_RESIN;SEASHELLS;9998;1
73600;SUBMISSION;;RAINFOREST_RESIN;SEASHELLS;9996;2
73700;;SUBMISSION;RAINFOREST_RESIN;SEASHELLS;10002;4
73900;;SUBMISSION;KELP;SEASHELLS;2036;2
74000;;SUBMISSION;KELP;SEASHELLS;2035;6
74100;;SUBMISSION;KELP;SEASHELLS;2035;3
74300;;SUBMISSION;KELP;SEASHELLS;2036;1
74300;SUBMISSION;;RAINFOREST_RESIN;SEASHELLS;9999;1
74300;;SUBMISSION;RAINFOREST_RESIN;SEASHELLS;10003;1
74600;SUBMISSION;;RAINFOREST_RESIN;SEASHELLS;9998;2
75000;SUBMISSION;;KELP;SEASHELLS;2035;1
75000;SUBMISSION;;RAINFOREST_RESIN;SEASHELLS;9998;4
75000;SUBMISSION;;RAINFOREST_RESIN;SEASHELLS;9997;1
75500;SUBMISSION;;KELP;SEASHELLS;2035;2
75500;SUBMISSION;;RAINFOREST_RESIN;SEASHELLS;9997;1
75600;SUBMISSION;;RAINFOREST_RESIN;SEASHELLS;9998;9
75700;;SUBMISSION;KELP;SEASHELLS;2036;1
75700;;SUBMISSION;KELP;SEASHELLS;2036;2
75700;;SUBMISSION;RAINFOREST_RESIN;SEASHELLS;10003;2
75800;;SUBMISSION;KELP;SEASHELLS;2036;1
76100;;SUBMISSION;RAINFOREST_RESIN;SEASHELLS;10002;1
76500;;SUBMISSION;RAINFOREST_RESIN;SEASHELLS;10000;2
76700;SUBMISSION;;KELP;SEASHELLS;2035;1
76700;SUBMISSION;;KELP;SEASHELLS;2035;2
76700;SUBMISSION;;RAINFOREST_RESIN;SEASHELLS;9999;2
76900;SUBMISSION;;KELP;SEASHELLS;2035;1
77100;;SUBMISSION;KELP;SEASHELLS;2036;5
77300;SUBMISSION;;KELP;SEASHELLS;2035;1
77400;;SUBMISSION;KELP;SEASHELLS;2036;3
77700;;SUBMISSION;RAINFOREST_RESIN;SEASHELLS;10002;1
77900;SUBMISSION;;RAINFOREST_RESIN;SEASHELLS;9998;1
78100;SUBMISSION;;KELP;SEASHELLS;2036;1
78200;;SUBMISSION;KELP;SEASHELLS;2037;1
78200;;SUBMISSION;KELP;SEASHELLS;2037;1
78200;;SUBMISSION;RAINFOREST_RESIN;SEASHELLS;10002;1
78500;;SUBMISSION;RAINFOREST_RESIN;SEASHELLS;10003;2
78500;;SUBMISSION;RAINFOREST_RESIN;SEASHELLS;10003;1
78700;SUBMISSION;;RAINFOREST_RESIN;SEASHELLS;9997;1
78700;SUBMISSION;;RAINFOREST_RESIN;SEASHELLS;9997;5
78900;SUBMISSION;;RAINFOREST_RESIN;SEASHELLS;9998;1
79100;SUBMISSION;;RAINFOREST_RESIN;SEASHELLS;9998;5
79200;;SUBMISSION;RAINFOREST_RESIN;SEASHELLS;10001;3
79400;;SUBMISSION;RAINFOREST_RESIN;SEASHELLS;10004;1
79500;;SUBMISSION;KELP;SEASHELLS;2037;7
79500;SUBMISSION;;KELP;SEASHELLS;2036;1
79500;;SUBMISSION;RAINFOREST_RESIN;SEASHELLS;10003;2
80000;SUBMISSION;;KELP;SEASHELLS;2035;1
80000;SUBMISSION;;KELP;SEASHELLS;2035;2
80100;SUBMISSION;;KELP;SEASHELLS;2035;1
80100;SUBMISSION;;RAINFOREST_RESIN;SEASHELLS;9997;1
80500;SUBMISSION;;KELP;SEASHELLS;2035;2
80500;SUBMISSION;;KELP;SEASHELLS;2035;4
80500;SUBMISSION;;KELP;SEASHELLS;2035;1
80500;SUBMISSION;;RAINFOREST_RESIN;SEASHELLS;9998;1
81200;;SUBMISSION;KELP;SEASHELLS;2037;1
81200;;SUBMISSION;RAINFOREST_RESIN;SEASHELLS;10001;2
81300;;SUBMISSION;KELP;SEASHELLS;2036;1
81300;;SUBMISSION;KELP;SEASHELLS;2037;2
81300;;SUBMISSION;RAINFOREST_RESIN;SEASHELLS;10002;1
81300;;SUBMISSION;RAINFOREST_RESIN;SEASHELLS;10003;2
81500;SUBMISSION;;RAINFOREST_RESIN;SEASHELLS;9999;1
81600;;SUBMISSION;RAINFOREST_RESIN;SEASHELLS;10002;1
82100;SUBMISSION;;RAINFOREST_RESIN;SEASHELLS;9998;1
82300;;SUBMISSION;RAINFOREST_RESIN;SEASHELLS;10003;2
82300;;SUBMISSION;RAINFOREST_RESIN;SEASHELLS;10003;7
82500;SUBMISSION;;RAINFOREST_RESIN;SEASHELLS;9998;3
82600;SUBMISSION;;KELP;SEASHELLS;2036;5
82600;SUBMISSION;;KELP;SEASHELLS;2036;14
83100;SUBMISSION;;RAINFOREST_RESIN;SEASHELLS;9998;5
83500;;SUBMISSION;KELP;SEASHELLS;2037;1
83600;SUBMISSION;;KELP;SEASHELLS;2036;1
83600;SUBMISSION;;RAINFOREST_RESIN;SEASHELLS;9999;1
83600;SUBMISSION;;RAINFOREST_RESIN;SEASHELLS;9999;1
83800;SUBMISSION;;RAINFOREST_RESIN;SEASHELLS;9998;2
83800;SUBMISSION;;RAINFOREST_RESIN;SEASHELLS;9996;11
84700;;SUBMISSION;RAINFOREST_RESIN;SEASHELLS;10001;1
84700;;SUBMISSION;RAINFOREST_RESIN;SEASHELLS;10001;2
85100;SUBMISSION;;RAINFOREST_RESIN;SEASHELLS;9997;1
85200;;SUBMISSION;RAINFOREST_RESIN;SEASHELLS;10000;4
85500;;SUBMISSION;KELP;SEASHELLS;2037;1
85800;SUBMISSION;;KELP;SEASHELLS;2035;1
85900;SUBMISSION;;RAINFOREST_RESIN;SEASHELLS;9998;8
86000;;SUBMISSION;KELP;SEASHELLS;2036;4
86200;SUBMISSION;;KELP;SEASHELLS;2035;1
86600;SUBMISSION;;RAINFOREST_RESIN;SEASHELLS;9998;8
86700;SUBMISSION;;KELP;SEASHELLS;2036;1
86900;;SUBMISSION;KELP;SEASHELLS;2037;1
87000;SUBMISSION;;KELP;SEASHELLS;2035;1
87000;SUBMISSION;;RAINFOREST_RESIN;SEASHELLS;9997;1
87300;SUBMISSION;;RAINFOREST_RESIN;SEASHELLS;9997;2
87300;SUBMISSION;;RAINFOREST_RESIN;SEASHELLS;9997;5
87400;SUBMISSION;;KELP;SEASHELLS;2035;1
87600;;SUBMISSION;KELP;SEASHELLS;2036;1
87800;SUBMISSION;;RAINFOREST_RESIN;SEASHELLS;9998;1
87900;;SUBMISSION;KELP;SEASHELLS;2036;1
88000;;SUBMISSION;RAINFOREST_RESIN;SEASHELLS;10002;1
88200;;SUBMISSION;KELP;SEASHELLS;2037;1
88200;SUBMISSION;;RAINFOREST_RESIN;SEASHELLS;9998;3
88300;;SUBMISSION;KELP;SEASHELLS;2036;10
88500;;SUBMISSION;KELP;SEASHELLS;2037;1
88500;;SUBMISSION;RAINFOREST_RESIN;SEASHELLS;10004;1
88600;SUBMISSION;;KELP;SEASHELLS;2035;4
88600;SUBMISSION;;KELP;SEASHELLS;2035;8
88700;SUBMISSION;;RAINFOREST_RESIN;SEASHELLS;9998;1
89100;SUBMISSION;;KELP;SEASHELLS;2035;1
89600;SUBMISSION;;KELP;SEASHELLS;2035;1
89600;SUBMISSION;;KELP;SEASHELLS;2035;1
89900;;SUBMISSION;KELP;SEASHELLS;2037;1
89900;;SUBMISSION;RAINFOREST_RESIN;SEASHELLS;10003;1
90100;SUBMISSION;;RAINFOREST_RESIN;SEASHELLS;9998;1
90200;;SUBMISSION;RAINFOREST_RESIN;SEASHELLS;10003;1
90300;;SUBMISSION;KELP;SEASHELLS;2037;2
90300;;SUBMISSION;RAINFOREST_RESIN;SEASHELLS;10002;1
90300;;SUBMISSION;RAINFOREST_RESIN;SEASHELLS;10004;2
90400;SUBMISSION;;KELP;SEASHELLS;2035;3
90500;;SUBMISSION;KELP;SEASHELLS;2037;1
90500;;SUBMISSION;RAINFOREST_RESIN;SEASHELLS;10003;1
90700;;SUBMISSION;KELP;SEASHELLS;2037;1
90700;;SUBMISSION;RAINFOREST_RESIN;SEASHELLS;10004;1
90800;SUBMISSION;;RAINFOREST_RESIN;SEASHELLS;9998;1
91000;;SUBMISSION;RAINFOREST_RESIN;SEASHELLS;10002;1
91300;;SUBMISSION;RAINFOREST_RESIN;SEASHELLS;10002;3
91600;;SUBMISSION;KELP;SEASHELLS;2036;3
91600;;SUBMISSION;KELP;SEASHELLS;2036;1
91800;;SUBMISSION;RAINFOREST_RESIN;SEASHELLS;10000;6
91900;;SUBMISSION;KELP;SEASHELLS;2036;3
92200;;SUBMISSION;RAINFOREST_RESIN;SEASHELLS;10002;3
92300;SUBMISSION;;KELP;SEASHELLS;2035;1
92300;;SUBMISSION;KELP;SEASHELLS;2036;1
92300;;SUBMISSION;RAINFOREST_RESIN;SEASHELLS;10003;1
92400;;SUBMISSION;KELP;SEASHELLS;2036;2
92400;;SUBMISSION;RAINFOREST_RESIN;SEASHELLS;10001;2
92600;SUBMISSION;;KELP;SEASHELLS;2035;1
93500;;SUBMISSION;KELP;SEASHELLS;2036;5
93600;;SUBMISSION;KELP;SEASHELLS;2037;1
93600;SUBMISSION;;RAINFOREST_RESIN;SEASHELLS;9998;1
93800;SUBMISSION;;RAINFOREST_RESIN;SEASHELLS;9998;5
94500;;SUBMISSION;KELP;SEASHELLS;2037;15
94700;;SUBMISSION;KELP;SEASHELLS;2036;1
94800;SUBMISSION;;KELP;SEASHELLS;2035;2
94800;SUBMISSION;;RAINFOREST_RESIN;SEASHELLS;9997;1
94800;SUBMISSION;;RAINFOREST_RESIN;SEASHELLS;9997;1
94900;;SUBMISSION;RAINFOREST_RESIN;SEASHELLS;10002;4
95100;;SUBMISSION;KELP;SEASHELLS;2036;1
95100;;SUBMISSION;KELP;SEASHELLS;2036;1
95600;SUBMISSION;;RAINFOREST_RESIN;SEASHELLS;9998;1
95700;;SUBMISSION;RAINFOREST_RESIN;SEASHELLS;10002;1
95800;SUBMISSION;;KELP;SEASHELLS;2035;1
95800;SUBMISSION;;RAINFOREST_RESIN;SEASHELLS;9998;1
95900;;SUBMISSION;KELP;SEASHELLS;2036;1
95900;;SUBMISSION;KELP;SEASHELLS;2036;1
96000;;SUBMISSION;KELP;SEASHELLS;2036;1
96100;SUBMISSION;;KELP;SEASHELLS;2035;1
96100;;SUBMISSION;KELP;SEASHELLS;2036;2
96100;;SUBMISSION;RAINFOREST_RESIN;SEASHELLS;10001;2
96400;SUBMISSION;;KELP;SEASHELLS;2035;7
96400;SUBMISSION;;KELP;SEASHELLS;2035;3
96600;;SUBMISSION;KELP;SEASHELLS;2036;3
96600;SUBMISSION;;KELP;SEASHELLS;2035;1
96600;;SUBMISSION;RAINFOREST_RESIN;SEASHELLS;10000;5
96900;SUBMISSION;;RAINFOREST_RESIN;SEASHELLS;9998;1
97200;SUBMISSION;;KELP;SEASHELLS;2035;5
97200;SUBMISSION;;KELP;SEASHELLS;2035;10
97200;SUBMISSION;;KELP;SEASHELLS;2035;5
97600;;SUBMISSION;RAINFOREST_RESIN;SEASHELLS;10000;6
97900;;SUBMISSION;RAINFOREST_RESIN;SEASHELLS;10002;3
98100;SUBMISSION;;KELP;SEASHELLS;2035;1
98100;SUBMISSION;;RAINFOREST_RESIN;SEASHELLS;9999;1
98200;SUBMISSION;;KELP;SEASHELLS;2035;6
98300;SUBMISSION;;RAINFOREST_RESIN;SEASHELLS;9998;1
98500;SUBMISSION;;RAINFOREST_RESIN;SEASHELLS;9998;1
98600;;SUBMISSION;RAINFOREST_RESIN;SEASHELLS;10004;9
98900;;SUBMISSION;RAINFOREST_RESIN;SEASHELLS;10003;1
98900;;SUBMISSION;RAINFOREST_RESIN;SEASHELLS;10003;2
99200;SUBMISSION;;RAINFOREST_RESIN;SEASHELLS;9996;2
99300;SUBMISSION;;RAINFOREST_RESIN;SEASHELLS;9998;1
99500;SUBMISSION;;RAINFOREST_RESIN;SEASHELLS;9998;3
99600;;SUBMISSION;KELP;SEASHELLS;2037;12
99700;SUBMISSION;;KELP;SEASHELLS;2035;2
99700;SUBMISSION;;RAINFOREST_RESIN;SEASHELLS;9996;2
