day;timestamp;product;bid_price_1;bid_volume_1;bid_price_2;bid_volume_2;bid_price_3;bid_volume_3;ask_price_1;ask_volume_1;ask_price_2;ask_volume_2;ask_price_3;ask_volume_3;mid_price;profit_and_loss
1;0;SQUID_INK;1834;23;;;;;1838;23;;;;;1836.0;0.0
1;0;RAINFOREST_RESIN;9992;31;;;;;10008;31;;;;;10000.0;0.0
1;0;KELP;2032;23;;;;;2035;23;;;;;2033.5;0.0
1;100;KELP;2034;1;2033;2;2032;22;2035;22;;;;;2034.5;0.0
1;100;SQUID_INK;1838;1;1837;2;1836;22;1839;22;;;;;1838.5;0.0
1;100;RAINFOREST_RESIN;9992;27;;;;;10008;27;;;;;10000.0;42.0
1;200;RAINFOREST_RESIN;10001;1;9992;25;;;10008;25;;;;;10004.5;56.0
1;200;KELP;2032;1;2031;21;;;2035;22;;;;;2033.5;0.8240966796875
1;200;SQUID_INK;1839;22;;;;;1842;22;;;;;1840.5;0.0
1;300;KELP;2034;1;2032;26;;;2035;26;;;;;2034.5;1.534423828125
1;300;SQUID_INK;1843;1;1841;26;;;1844;26;;;;;1843.5;0.0
1;300;RAINFOREST_RESIN;10001;1;9992;32;;;10008;32;;;;;10004.5;57.0
1;400;SQUID_INK;1842;28;;;;;1845;28;;;;;1843.5;0.0
1;400;RAINFOREST_RESIN;9992;28;;;;;10003;6;10008;28;;;9997.5;58.0
1;400;KELP;2032;2;2031;26;;;2035;28;;;;;2033.5;2.3955078125
1;500;KELP;2032;1;2031;23;;;2033;3;2035;24;;;2032.5;2.541015625
1;500;SQUID_INK;1839;1;1838;23;;;1840;3;1842;24;;;1839.5;0.0
1;500;RAINFOREST_RESIN;9992;34;;;;;10008;34;;;;;10000.0;58.0
1;600;RAINFOREST_RESIN;9997;3;9992;27;;;10008;27;;;;;10002.5;58.0
1;600;KELP;2033;5;2032;2;2031;28;2035;30;;;;;2034.0;3.0
1;600;SQUID_INK;1840;5;1838;30;;;1841;30;;;;;1840.5;0.0
1;700;KELP;2031;22;;;;;2035;23;;;;;2033.0;4.20703125
1;700;SQUID_INK;1834;22;;;;;1837;23;;;;;1835.5;0.0
1;700;RAINFOREST_RESIN;9992;33;;;;;10008;33;;;;;10000.0;78.0
1;800;SQUID_INK;1833;25;;;;;1834;3;1836;25;;;1833.5;0.0
1;800;RAINFOREST_RESIN;9992;35;;;;;10008;35;;;;;10000.0;78.0
1;800;KELP;2032;1;2031;24;;;2033;3;2035;25;;;2032.5;4.857421875
1;900;SQUID_INK;1834;21;;;;;1837;21;;;;;1835.5;0.0
1;900;KELP;2032;1;2031;20;;;2035;21;;;;;2033.5;5.814453125
1;900;RAINFOREST_RESIN;9992;27;;;;;9997;11;10008;27;;;9994.5;78.0
1;1000;RAINFOREST_RESIN;9992;29;;;;;10008;29;;;;;10000.0;111.0
1;1000;KELP;2032;31;;;;;2035;31;;;;;2033.5;8.06640625
1;1000;SQUID_INK;1835;31;;;;;1838;31;;;;;1836.5;0.0
1;1100;SQUID_INK;1836;22;;;;;1839;22;;;;;1837.5;0.0
1;1100;KELP;2032;22;;;;;2035;22;;;;;2033.5;9.130859375
1;1100;RAINFOREST_RESIN;9992;28;;;;;10008;28;;;;;10000.0;111.0
1;1200;SQUID_INK;1836;23;;;;;1837;1;1839;1;1840;22;1836.5;0.0
1;1200;RAINFOREST_RESIN;9992;32;;;;;10008;32;;;;;10000.0;111.0
1;1200;KELP;2032;22;;;;;2035;23;;;;;2033.5;9.25
1;1300;SQUID_INK;1839;25;;;;;1842;25;;;;;1840.5;0.0
1;1300;KELP;2032;25;;;;;2035;25;;;;;2033.5;6.619140625
1;1300;RAINFOREST_RESIN;9992;32;;;;;10008;32;;;;;10000.0;111.0
1;1400;RAINFOREST_RESIN;10001;1;9992;28;;;10008;28;;;;;10004.5;111.0
1;1400;KELP;2032;23;;;;;2033;6;2035;23;;;2032.5;8.2109375
1;1400;SQUID_INK;1841;23;;;;;1842;6;1844;23;;;1841.5;0.0
1;1500;SQUID_INK;1844;1;1843;1;1842;20;1846;21;;;;;1845.0;0.0
1;1500;KELP;2034;1;2032;21;;;2035;21;;;;;2034.5;12.76171875
1;1500;RAINFOREST_RESIN;9997;2;9992;28;;;10008;28;;;;;10002.5;112.0
1;1600;SQUID_INK;1842;30;;;;;1845;30;;;;;1843.5;0.0
1;1600;RAINFOREST_RESIN;9992;26;;;;;10008;26;;;;;10000.0;112.0
1;1600;KELP;2032;30;;;;;2035;30;;;;;2033.5;17.609375
1;1700;SQUID_INK;1844;28;;;;;1846;8;1848;28;;;1845.0;0.0
1;1700;KELP;2032;28;;;;;2034;8;2036;28;;;2033.0;18.5390625
1;1700;RAINFOREST_RESIN;9992;35;;;;;10008;35;;;;;10000.0;112.0
1;1800;RAINFOREST_RESIN;10002;3;9992;29;;;10008;29;;;;;10005.0;112.0
1;1800;KELP;2033;4;2032;23;;;2036;23;;;;;2034.5;20.8984375
1;1800;SQUID_INK;1847;4;1846;23;;;1849;23;;;;;1848.0;0.0
1;1900;KELP;2032;31;;;;;2036;32;;;;;2034.0;20.671875
1;1900;SQUID_INK;1847;1;1846;30;;;1850;32;;;;;1848.5;0.0
1;1900;RAINFOREST_RESIN;9992;27;;;;;10008;27;;;;;10000.0;118.0
1;2000;KELP;2032;23;;;;;2036;23;;;;;2034.0;23.47265625
1;2000;SQUID_INK;1848;2;1847;21;;;1851;23;;;;;1849.5;0.0
1;2000;RAINFOREST_RESIN;9992;34;;;;;10008;34;;;;;10000.0;118.0
1;2100;SQUID_INK;1848;28;;;;;1850;5;1851;28;;;1849.0;0.0
1;2100;RAINFOREST_RESIN;9992;25;;;;;10008;25;;;;;10000.0;118.0
1;2100;KELP;2032;28;;;;;2034;5;2036;28;;;2033.0;22.234375
1;2200;RAINFOREST_RESIN;9992;30;;;;;10008;30;;;;;10000.0;146.0
1;2200;KELP;2033;4;2032;21;;;2036;21;;;;;2034.5;22.8046875
1;2200;SQUID_INK;1849;25;;;;;1852;21;;;;;1850.5;0.0
1;2300;KELP;2033;5;2032;24;;;2036;24;;;;;2034.5;22.6328125
1;2300;SQUID_INK;1849;29;;;;;1852;24;;;;;1850.5;0.0
1;2300;RAINFOREST_RESIN;9992;27;;;;;10008;27;;;;;10000.0;146.0
1;2400;KELP;2032;22;;;;;2036;22;;;;;2034.0;23.765625
1;2400;SQUID_INK;1847;22;;;;;1850;22;;;;;1848.5;0.0
1;2400;RAINFOREST_RESIN;9992;33;;;;;10008;33;;;;;10000.0;146.0
1;2500;SQUID_INK;1850;23;;;;;1853;23;;;;;1851.5;0.0
1;2500;RAINFOREST_RESIN;9997;5;9992;28;;;10008;28;;;;;10002.5;146.0
1;2500;KELP;2032;23;;;;;2036;23;;;;;2034.0;23.578125
1;2600;RAINFOREST_RESIN;9992;33;;;;;10008;33;;;;;10000.0;181.0
1;2600;KELP;2033;30;;;;;2036;30;;;;;2034.5;28.1328125
1;2600;SQUID_INK;1851;30;;;;;1854;30;;;;;1852.5;0.0
1;2700;KELP;2033;30;;;;;2036;23;;;;;2034.5;26.87890625
1;2700;SQUID_INK;1853;30;;;;;1856;23;;;;;1854.5;0.0
1;2700;RAINFOREST_RESIN;10001;1;9992;34;;;10008;34;;;;;10004.5;181.0
1;2800;KELP;2033;27;;;;;2036;27;;;;;2034.5;28.72265625
1;2800;SQUID_INK;1853;27;;;;;1857;27;;;;;1855.0;0.0
1;2800;RAINFOREST_RESIN;9997;2;9992;28;;;10008;28;;;;;10002.5;182.0
1;2900;SQUID_INK;1853;22;;;;;1856;22;;;;;1854.5;0.0
1;2900;RAINFOREST_RESIN;9992;28;;;;;10008;28;;;;;10000.0;182.0
1;2900;KELP;2032;22;;;;;2036;22;;;;;2034.0;21.53125
1;3000;RAINFOREST_RESIN;9992;30;;;;;10008;30;;;;;10000.0;182.0
1;3000;KELP;2035;1;2033;35;;;2036;30;;;;;2035.5;28.12890625
1;3000;SQUID_INK;1855;1;1853;35;;;1856;30;;;;;1855.5;0.0
1;3100;KELP;2032;28;;;;;2036;28;;;;;2034.0;24.3125
1;3100;SQUID_INK;1851;28;;;;;1854;28;;;;;1852.5;0.0
1;3100;RAINFOREST_RESIN;9992;35;;;;;10008;35;;;;;10000.0;182.0
1;3200;KELP;2032;24;;;;;2034;5;2036;24;;;2033.0;26.3515625
1;3200;SQUID_INK;1851;24;;;;;1852;5;1854;24;;;1851.5;0.0
1;3200;RAINFOREST_RESIN;10003;3;9992;27;;;10008;27;;;;;10005.5;182.0
1;3300;SQUID_INK;1851;25;;;;;1854;25;;;;;1852.5;0.0
1;3300;RAINFOREST_RESIN;9992;29;;;;;10008;29;;;;;10000.0;191.0
1;3300;KELP;2033;1;2032;24;;;2036;25;;;;;2034.5;26.01171875
1;3400;RAINFOREST_RESIN;9992;32;;;;;9998;3;10008;32;;;9995.0;191.0
1;3400;KELP;2033;2;2032;27;;;2036;29;;;;;2034.5;25.15625
1;3400;SQUID_INK;1850;29;;;;;1853;29;;;;;1851.5;0.0
1;3500;KELP;2032;26;;;;;2036;26;;;;;2034.0;26.359375
1;3500;SQUID_INK;1852;26;;;;;1855;26;;;;;1853.5;0.0
1;3500;RAINFOREST_RESIN;9992;25;;;;;10008;25;;;;;10000.0;197.0
1;3600;KELP;2033;27;;;;;2036;27;;;;;2034.5;27.57421875
1;3600;SQUID_INK;1850;27;;;;;1853;27;;;;;1851.5;0.0
1;3600;RAINFOREST_RESIN;9992;27;;;;;10008;27;;;;;10000.0;197.0
1;3700;SQUID_INK;1851;25;;;;;1854;25;;;;;1852.5;0.0
1;3700;RAINFOREST_RESIN;9992;28;;;;;9999;1;10008;28;;;9995.5;197.0
1;3700;KELP;2033;25;;;;;2036;25;;;;;2034.5;27.23828125
1;3800;RAINFOREST_RESIN;9992;35;;;;;10008;35;;;;;10000.0;198.0
1;3800;KELP;2033;24;;;;;2035;7;2036;24;;;2034.0;27.23046875
1;3800;SQUID_INK;1849;24;;;;;1851;7;1852;24;;;1850.0;0.0
1;3900;KELP;2033;27;;;;;2036;26;;;;;2034.5;27.58203125
1;3900;SQUID_INK;1850;27;;;;;1853;26;;;;;1851.5;0.0
1;3900;RAINFOREST_RESIN;9992;35;;;;;10008;35;;;;;10000.0;198.0
1;4000;KELP;2032;30;;;;;2036;31;;;;;2034.0;26.0078125
1;4000;SQUID_INK;1850;31;;;;;1851;1;1853;1;1854;30;1850.5;0.0
1;4000;RAINFOREST_RESIN;9997;6;9992;30;;;10008;30;;;;;10002.5;198.0
1;4100;RAINFOREST_RESIN;9997;2;9992;34;;;10008;34;;;;;10002.5;198.0
1;4100;SQUID_INK;1852;5;1851;24;;;1854;24;;;;;1853.0;0.0
1;4100;KELP;2033;5;2032;24;;;2036;24;;;;;2034.5;22.83984375
1;4200;RAINFOREST_RESIN;9992;25;;;;;10008;25;;;;;10000.0;198.0
1;4200;KELP;2032;29;;;;;2034;7;2036;29;;;2033.0;24.6171875
1;4200;SQUID_INK;1852;29;;;;;1854;7;1855;29;;;1853.0;0.0
1;4300;KELP;2032;26;;;;;2033;2;2036;26;;;2032.5;20.94921875
1;4300;RAINFOREST_RESIN;9992;26;;;;;10008;26;;;;;10000.0;198.0
1;4300;SQUID_INK;1853;26;;;;;1854;2;1857;26;;;1853.5;0.0
1;4400;KELP;2032;28;;;;;2035;28;;;;;2033.5;20.60546875
1;4400;SQUID_INK;1853;28;;;;;1856;28;;;;;1854.5;0.0
1;4400;RAINFOREST_RESIN;9992;30;;;;;10008;30;;;;;10000.0;198.0
1;4500;RAINFOREST_RESIN;9992;34;;;;;10008;34;;;;;10000.0;198.0
1;4500;SQUID_INK;1852;26;;;;;1854;8;1855;26;;;1853.0;0.0
1;4500;KELP;2032;26;;;;;2034;8;2036;26;;;2033.0;21.22265625
1;4600;RAINFOREST_RESIN;9992;31;;;;;10008;31;;;;;10000.0;198.0
1;4600;KELP;2032;21;;;;;2034;3;2036;21;;;2033.0;21.828125
1;4600;SQUID_INK;1854;21;;;;;1856;3;1857;21;;;1855.0;0.0
1;4700;KELP;2032;26;;;;;2035;26;;;;;2033.5;19.453125
1;4700;RAINFOREST_RESIN;9992;27;;;;;10008;27;;;;;10000.0;198.0
1;4700;SQUID_INK;1854;26;;;;;1857;26;;;;;1855.5;0.0
1;4800;KELP;2034;1;2033;7;2032;23;2036;23;;;;;2035.0;22.9765625
1;4800;SQUID_INK;1856;1;1854;30;;;1857;23;;;;;1856.5;0.0
1;4800;RAINFOREST_RESIN;9992;25;;;;;9999;1;10008;25;;;9995.5;198.0
1;4900;RAINFOREST_RESIN;9997;7;9992;28;;;10008;28;;;;;10002.5;199.0
1;4900;SQUID_INK;1853;24;;;;;1855;6;1856;24;;;1854.0;0.0
1;4900;KELP;2032;24;;;;;2034;6;2035;2;2036;22;2033.0;21.078125
1;5000;RAINFOREST_RESIN;9992;27;;;;;10008;27;;;;;10000.0;199.0
1;5000;KELP;2033;5;2032;31;;;2035;1;2036;30;;;2034.0;22.00390625
1;5000;SQUID_INK;1854;6;1853;30;;;1857;31;;;;;1855.5;0.0
1;5100;KELP;2032;26;;;;;2036;26;;;;;2034.0;21.65625
1;5100;RAINFOREST_RESIN;9992;28;;;;;10008;28;;;;;10000.0;199.0
1;5100;SQUID_INK;1852;26;;;;;1855;26;;;;;1853.5;0.0
1;5200;SQUID_INK;1854;5;1853;31;;;1856;25;;;;;1855.0;0.0
1;5200;KELP;2033;5;2032;31;;;2035;2;2036;23;;;2034.0;21.4765625
1;5200;RAINFOREST_RESIN;9992;35;;;;;10008;35;;;;;10000.0;199.0
1;5300;RAINFOREST_RESIN;9992;29;;;;;9997;12;10008;29;;;9994.5;199.0
1;5300;SQUID_INK;1852;22;;;;;1855;22;;;;;1853.5;0.0
1;5300;KELP;2032;22;;;;;2036;22;;;;;2034.0;28.01953125
1;5400;RAINFOREST_RESIN;9992;25;;;;;10008;25;;;;;10000.0;277.0
1;5400;SQUID_INK;1853;30;;;;;1856;30;;;;;1854.5;0.0
1;5400;KELP;2032;30;;;;;2036;30;;;;;2034.0;28.45703125
1;5500;KELP;2032;29;;;;;2033;8;2036;29;;;2032.5;30.76171875
1;5500;RAINFOREST_RESIN;9992;32;;;;;10008;32;;;;;10000.0;277.0
1;5500;SQUID_INK;1854;21;;;;;1857;29;;;;;1855.5;0.0
1;5600;SQUID_INK;1851;25;;;;;1854;2;1855;23;;;1852.5;0.0
1;5600;KELP;2032;25;;;;;2036;25;;;;;2034.0;39.05859375
1;5600;RAINFOREST_RESIN;9992;34;;;;;10003;7;10008;34;;;9997.5;277.0
1;5700;RAINFOREST_RESIN;9992;33;;;;;10008;33;;;;;10000.0;277.0
1;5700;SQUID_INK;1850;34;;;;;1853;31;;;;;1851.5;0.0
1;5700;KELP;2033;4;2032;30;;;2036;31;;;;;2034.5;42.5078125
1;5800;RAINFOREST_RESIN;9992;25;;;;;10008;25;;;;;10000.0;277.0
1;5800;SQUID_INK;1851;2;1850;28;;;1854;30;;;;;1852.5;0.0
1;5800;KELP;2032;30;;;;;2036;30;;;;;2034.0;41.31640625
1;5900;KELP;2032;23;;;;;2036;23;;;;;2034.0;40.46875
1;5900;RAINFOREST_RESIN;9992;30;;;;;10008;30;;;;;10000.0;277.0
1;5900;SQUID_INK;1851;2;1850;21;;;1854;23;;;;;1852.5;0.0
1;6000;SQUID_INK;1853;30;;;;;1856;30;;;;;1854.5;0.0
1;6000;KELP;2032;30;;;;;2036;30;;;;;2034.0;38.96875
1;6000;RAINFOREST_RESIN;9992;28;;;;;10008;28;;;;;10000.0;277.0
1;6100;RAINFOREST_RESIN;9992;33;;;;;10003;4;10008;33;;;9997.5;326.0
1;6100;SQUID_INK;1853;25;;;;;1856;25;;;;;1854.5;0.0
1;6100;KELP;2033;1;2032;24;;;2036;25;;;;;2034.5;41.82421875
1;6200;RAINFOREST_RESIN;9992;28;;;;;10008;28;;;;;10000.0;326.0
1;6200;SQUID_INK;1855;1;1853;30;;;1856;30;;;;;1855.5;0.0
1;6200;KELP;2035;1;2032;30;;;2036;30;;;;;2035.5;39.1953125
1;6300;KELP;2032;22;;;;;2036;22;;;;;2034.0;40.10546875
1;6300;RAINFOREST_RESIN;9992;28;;;;;10008;28;;;;;10000.0;326.0
1;6300;SQUID_INK;1855;22;;;;;1858;22;;;;;1856.5;0.0
1;6400;SQUID_INK;1855;24;;;;;1858;24;;;;;1856.5;0.0
1;6400;KELP;2033;1;2032;23;;;2036;24;;;;;2034.5;51.65625
1;6400;RAINFOREST_RESIN;9992;31;;;;;10003;2;10008;31;;;9997.5;326.0
1;6500;RAINFOREST_RESIN;10002;3;9992;30;;;10008;30;;;;;10005.0;326.0
1;6500;SQUID_INK;1856;22;;;;;1859;22;;;;;1857.5;0.0
1;6500;KELP;2032;22;;;;;2036;22;;;;;2034.0;51.859375
1;6600;RAINFOREST_RESIN;9992;26;;;;;10008;26;;;;;10000.0;332.0
1;6600;SQUID_INK;1856;27;;;;;1857;5;1860;29;;;1856.5;0.0
1;6600;KELP;2032;27;;;;;2033;5;2036;29;;;2032.5;52.59765625
1;6700;KELP;2033;31;;;;;2035;7;2036;31;;;2034.0;64.12890625
1;6700;RAINFOREST_RESIN;9992;28;;;;;10008;28;;;;;10000.0;360.0
1;6700;SQUID_INK;1857;31;;;;;1859;7;1860;31;;;1858.0;0.0
1;6800;SQUID_INK;1858;4;1857;31;;;1860;31;;;;;1859.0;0.0
1;6800;KELP;2034;4;2033;2;2032;29;2036;31;;;;;2035.0;57.9765625
1;6800;RAINFOREST_RESIN;9992;25;;;;;10008;25;;;;;10000.0;360.0
1;6900;RAINFOREST_RESIN;9992;31;;;;;10008;31;;;;;10000.0;402.0
1;6900;SQUID_INK;1858;29;;;;;1860;3;1861;29;;;1859.0;0.0
1;6900;KELP;2033;29;;;;;2035;3;2036;29;;;2034.0;59.37109375
1;7000;RAINFOREST_RESIN;9992;27;;;;;10008;27;;;;;10000.0;451.0
1;7000;SQUID_INK;1858;38;;;;;1861;31;;;;;1859.5;0.0
1;7000;KELP;2033;38;;;;;2036;31;;;;;2034.5;59.83984375
1;7100;KELP;2033;1;2032;30;;;2036;31;;;;;2034.5;58.890625
1;7100;RAINFOREST_RESIN;9992;31;;;;;10008;31;;;;;10000.0;451.0
1;7100;SQUID_INK;1859;31;;;;;1862;31;;;;;1860.5;0.0
1;7200;SQUID_INK;1859;29;;;;;1862;23;;;;;1860.5;0.0
1;7200;KELP;2033;7;2032;22;;;2036;23;;;;;2034.5;58.19140625
1;7200;RAINFOREST_RESIN;9992;33;;;;;10008;33;;;;;10000.0;451.0
1;7300;RAINFOREST_RESIN;9992;27;;;;;10008;27;;;;;10000.0;451.0
1;7300;SQUID_INK;1860;26;;;;;1863;26;;;;;1861.5;0.0
1;7300;KELP;2033;1;2032;25;;;2036;26;;;;;2034.5;57.9609375
1;7400;RAINFOREST_RESIN;9992;34;;;;;10008;34;;;;;10000.0;451.0
1;7400;SQUID_INK;1860;22;;;;;1863;22;;;;;1861.5;0.0
1;7400;KELP;2032;22;;;;;2036;22;;;;;2034.0;51.6015625
1;7500;KELP;2032;29;;;;;2034;3;2036;29;;;2033.0;67.623046875
1;7500;RAINFOREST_RESIN;9992;34;;;;;10008;34;;;;;10000.0;465.0
1;7500;SQUID_INK;1860;29;;;;;1861;3;1863;29;;;1860.5;0.0
1;7600;SQUID_INK;1859;27;;;;;1862;27;;;;;1860.5;0.0
1;7600;KELP;2032;27;;;;;2036;27;;;;;2034.0;67.43359375
1;7600;RAINFOREST_RESIN;9992;30;;;;;10008;30;;;;;10000.0;465.0
1;7700;RAINFOREST_RESIN;9997;6;9992;27;;;10008;27;;;;;10002.5;465.0
1;7700;SQUID_INK;1859;26;;;;;1862;26;;;;;1860.5;0.0
1;7700;KELP;2032;26;;;;;2036;26;;;;;2034.0;67.236328125
1;7800;RAINFOREST_RESIN;9992;31;;;;;10008;31;;;;;10000.0;465.0
1;7800;SQUID_INK;1861;1;1860;23;;;1864;23;;;;;1862.5;0.0
1;7800;KELP;2033;1;2032;23;;;2036;23;;;;;2034.5;68.76953125
1;7900;KELP;2033;24;;;;;2036;24;;;;;2034.5;71.01171875
1;7900;RAINFOREST_RESIN;9992;35;;;;;10008;35;;;;;10000.0;465.0
1;7900;SQUID_INK;1861;24;;;;;1864;24;;;;;1862.5;0.0
1;8000;SQUID_INK;1863;1;1862;3;1861;30;1864;30;;;;;1863.5;0.0
1;8000;KELP;2035;1;2034;3;2033;30;2036;30;;;;;2035.5;71.09375
1;8000;RAINFOREST_RESIN;9992;32;;;;;10008;32;;;;;10000.0;465.0
1;8100;SQUID_INK;1860;25;;;;;1864;25;;;;;1862.0;0.0
1;8100;KELP;2033;25;;;;;2036;25;;;;;2034.5;71.298828125
1;8100;RAINFOREST_RESIN;9992;30;;;;;10008;30;;;;;10000.0;465.0
1;8200;SQUID_INK;1862;2;1861;25;;;1865;27;;;;;1863.5;0.0
1;8200;RAINFOREST_RESIN;9992;34;;;;;10008;34;;;;;10000.0;521.0
1;8200;KELP;2033;27;;;;;2036;27;;;;;2034.5;71.556640625
1;8300;KELP;2033;28;;;;;2036;28;;;;;2034.5;72.4765625
1;8300;RAINFOREST_RESIN;9992;33;;;;;10008;33;;;;;10000.0;521.0
1;8300;SQUID_INK;1861;28;;;;;1864;28;;;;;1862.5;0.0
1;8400;SQUID_INK;1860;29;;;;;1864;29;;;;;1862.0;0.0
1;8400;RAINFOREST_RESIN;10002;4;9992;30;;;10008;30;;;;;10005.0;521.0
1;8400;KELP;2033;29;;;;;2036;29;;;;;2034.5;71.65625
1;8500;SQUID_INK;1861;35;;;;;1864;27;;;;;1862.5;0.0
1;8500;KELP;2033;35;;;;;2036;27;;;;;2034.5;71.443359375
1;8500;RAINFOREST_RESIN;9992;29;;;;;10008;29;;;;;10000.0;536.0
1;8600;SQUID_INK;1861;29;;;;;1864;2;1865;27;;;1862.5;0.0
1;8600;RAINFOREST_RESIN;9992;32;;;;;10008;32;;;;;10000.0;536.0
1;8600;KELP;2033;29;;;;;2036;29;;;;;2034.5;72.560546875
1;8700;KELP;2035;1;2033;32;;;2036;24;;;;;2035.5;72.859375
1;8700;SQUID_INK;1863;1;1861;10;1860;22;1864;24;;;;;1863.5;0.0
1;8700;RAINFOREST_RESIN;9992;33;;;;;10008;33;;;;;10000.0;536.0
1;8800;RAINFOREST_RESIN;9992;26;;;;;10008;26;;;;;10000.0;536.0
1;8800;KELP;2033;31;;;;;2036;31;;;;;2034.5;73.923828125
1;8800;SQUID_INK;1863;31;;;;;1866;31;;;;;1864.5;0.0
1;8900;KELP;2033;28;;;;;2036;26;;;;;2034.5;74.494140625
1;8900;SQUID_INK;1864;28;;;;;1867;26;;;;;1865.5;0.0
1;8900;RAINFOREST_RESIN;9992;32;;;;;10008;32;;;;;10000.0;536.0
1;9000;SQUID_INK;1864;23;;;;;1867;23;;;;;1865.5;0.0
1;9000;RAINFOREST_RESIN;9997;6;9992;33;;;10008;33;;;;;10002.5;536.0
1;9000;KELP;2033;23;;;;;2036;23;;;;;2034.5;74.3125
1;9100;KELP;2033;27;;;;;2036;22;;;;;2034.5;74.310546875
1;9100;SQUID_INK;1865;5;1864;22;;;1867;22;;;;;1866.0;0.0
1;9100;RAINFOREST_RESIN;9992;35;;;;;10008;35;;;;;10000.0;536.0
1;9200;RAINFOREST_RESIN;9992;31;;;;;10008;31;;;;;10000.0;536.0
1;9200;KELP;2033;30;;;;;2036;27;;;;;2034.5;72.8359375
1;9200;SQUID_INK;1865;30;;;;;1868;27;;;;;1866.5;0.0
1;9300;KELP;2033;30;;;;;2036;30;;;;;2034.5;74.234375
1;9300;SQUID_INK;1864;30;;;;;1868;30;;;;;1866.0;0.0
1;9300;RAINFOREST_RESIN;10003;11;9992;26;;;10008;26;;;;;10005.5;536.0
1;9400;SQUID_INK;1866;3;1865;30;;;1868;30;;;;;1867.0;0.0
1;9400;RAINFOREST_RESIN;9992;29;;;;;10008;29;;;;;10000.0;569.0
1;9400;KELP;2033;33;;;;;2036;30;;;;;2034.5;72.275390625
1;9500;KELP;2033;26;;;;;2036;26;;;;;2034.5;72.27734375
1;9500;SQUID_INK;1865;26;;;;;1868;26;;;;;1866.5;0.0
1;9500;RAINFOREST_RESIN;9992;27;;;;;10008;27;;;;;10000.0;569.0
1;9600;RAINFOREST_RESIN;9992;25;;;;;10008;25;;;;;10000.0;569.0
1;9600;KELP;2033;21;;;;;2036;21;;;;;2034.5;74.099609375
1;9600;SQUID_INK;1867;21;;;;;1870;21;;;;;1868.5;0.0
1;9700;SQUID_INK;1866;31;;;;;1867;5;1868;5;1869;31;1866.5;0.0
1;9700;KELP;2033;31;;;;;2034;5;2035;5;2036;31;2033.5;73.466796875
1;9700;RAINFOREST_RESIN;9992;28;;;;;10008;28;;;;;10000.0;569.0
1;9800;SQUID_INK;1865;26;;;;;1868;26;;;;;1866.5;0.0
1;9800;RAINFOREST_RESIN;9992;26;;;;;10008;26;;;;;10000.0;569.0
1;9800;KELP;2033;26;;;;;2036;26;;;;;2034.5;75.10546875
1;9900;SQUID_INK;1866;24;;;;;1869;24;;;;;1867.5;0.0
1;9900;KELP;2033;24;;;;;2036;24;;;;;2034.5;75.974609375
1;9900;RAINFOREST_RESIN;10001;1;9992;29;;;10008;29;;;;;10004.5;569.0
1;10000;RAINFOREST_RESIN;9992;28;;;;;10000;4;10008;28;;;9996.0;570.0
1;10000;KELP;2033;27;;;;;2036;27;;;;;2034.5;73.111328125
1;10000;SQUID_INK;1867;27;;;;;1870;27;;;;;1868.5;0.0
1;10100;SQUID_INK;1867;21;;;;;1869;5;1870;21;;;1868.0;0.0
1;10100;KELP;2033;1;2032;20;;;2034;5;2036;21;;;2033.5;71.234375
1;10100;RAINFOREST_RESIN;9992;28;;;;;10008;28;;;;;10000.0;570.0
1;10200;SQUID_INK;1869;20;;;;;1872;20;;;;;1870.5;0.0
1;10200;RAINFOREST_RESIN;9997;4;9992;31;;;10008;31;;;;;10002.5;570.0
1;10200;KELP;2033;20;;;;;2036;20;;;;;2034.5;73.94140625
1;10300;SQUID_INK;1869;5;1868;25;;;1871;25;;;;;1870.0;0.0
1;10300;KELP;2033;30;;;;;2036;25;;;;;2034.5;73.37109375
1;10300;RAINFOREST_RESIN;9992;33;;;;;10008;33;;;;;10000.0;570.0
1;10400;RAINFOREST_RESIN;9992;27;;;;;9999;1;10008;27;;;9995.5;570.0
1;10400;KELP;2032;25;;;;;2036;25;;;;;2034.0;73.37890625
1;10400;SQUID_INK;1869;25;;;;;1873;25;;;;;1871.0;0.0
1;10500;SQUID_INK;1870;34;;;;;1873;26;;;;;1871.5;0.0
1;10500;KELP;2033;8;2032;26;;;2036;26;;;;;2034.5;73.01953125
1;10500;RAINFOREST_RESIN;9997;4;9992;33;;;10008;33;;;;;10002.5;571.0
1;10600;SQUID_INK;1871;3;1870;20;;;1873;20;;;;;1872.0;0.0
1;10600;RAINFOREST_RESIN;9992;34;;;;;10008;34;;;;;10000.0;578.0
1;10600;KELP;2034;3;2032;20;;;2036;20;;;;;2035.0;73.2265625
1;10700;SQUID_INK;1870;31;;;;;1873;24;;;;;1871.5;0.0
1;10700;KELP;2033;7;2032;24;;;2036;24;;;;;2034.5;72.84765625
1;10700;RAINFOREST_RESIN;9992;28;;;;;10003;7;10008;28;;;9997.5;578.0
1;10800;RAINFOREST_RESIN;9992;33;;;;;10008;33;;;;;10000.0;578.0
1;10800;KELP;2033;6;2032;23;;;2036;23;;;;;2034.5;71.375
1;10800;SQUID_INK;1872;6;1871;23;;;1874;23;;;;;1873.0;0.0
1;10900;KELP;2032;23;;;;;2033;6;2036;23;;;2032.5;69.5546875
1;10900;SQUID_INK;1870;23;;;;;1872;6;1874;23;;;1871.0;-0.0269775390625
1;10900;RAINFOREST_RESIN;9992;29;;;;;10008;29;;;;;10000.0;620.0
1;11000;KELP;2032;27;;;;;2034;2;2035;27;;;2033.0;62.578125
1;11000;SQUID_INK;1871;27;;;;;1873;2;1874;27;;;1872.0;-0.7928466796875
1;11000;RAINFOREST_RESIN;9992;34;;;;;10008;34;;;;;10000.0;620.0
1;11100;SQUID_INK;1870;32;;;;;1873;31;;;;;1871.5;0.475341796875
1;11100;RAINFOREST_RESIN;9992;29;;;;;10008;29;;;;;10000.0;620.0
1;11100;KELP;2032;32;;;;;2035;1;2036;30;;;2033.5;68.1484375
1;11200;RAINFOREST_RESIN;9997;3;9992;35;;;10008;35;;;;;10002.5;620.0
1;11200;KELP;2032;30;;;;;2034;5;2035;2;2036;28;2033.0;69.2734375
1;11200;SQUID_INK;1870;30;;;;;1872;5;1873;30;;;1871.0;0.13623046875
1;11300;KELP;2032;27;;;;;2035;27;;;;;2033.5;60.84375
1;11300;SQUID_INK;1871;27;;;;;1874;27;;;;;1872.5;-0.737060546875
1;11300;RAINFOREST_RESIN;9992;25;;;;;10008;25;;;;;10000.0;620.0
1;11400;KELP;2032;30;;;;;2035;30;;;;;2033.5;60.546875
1;11400;SQUID_INK;1870;30;;;;;1873;30;;;;;1871.5;-0.42431640625
1;11400;RAINFOREST_RESIN;9992;25;;;;;10003;3;10008;25;;;9997.5;620.0
1;11500;SQUID_INK;1869;29;;;;;1870;5;1872;29;;;1869.5;2.56591796875
1;11500;RAINFOREST_RESIN;9992;26;;;;;10008;26;;;;;10000.0;620.0
1;11500;KELP;2032;29;;;;;2034;5;2035;29;;;2033.0;56.5
1;11600;RAINFOREST_RESIN;9992;29;;;;;10003;4;10008;29;;;9997.5;620.0
1;11600;KELP;2032;24;;;;;2034;7;2035;24;;;2033.0;60.5703125
1;11600;SQUID_INK;1868;24;;;;;1870;7;1871;24;;;1869.0;3.260986328125
1;11700;KELP;2033;4;2032;22;;;2035;22;;;;;2034.0;59.5546875
1;11700;SQUID_INK;1870;4;1869;22;;;1872;22;;;;;1871.0;2.033447265625
1;11700;RAINFOREST_RESIN;9992;35;;;;;9999;1;10008;35;;;9995.5;620.0
1;11800;KELP;2032;22;;;;;2035;22;;;;;2033.5;58.4453125
1;11800;SQUID_INK;1869;22;;;;;1872;22;;;;;1870.5;2.044921875
1;11800;RAINFOREST_RESIN;9992;30;;;;;10008;30;;;;;10000.0;621.0
1;11900;SQUID_INK;1869;4;1868;23;;;1871;1;1872;22;;;1870.0;3.14794921875
1;11900;RAINFOREST_RESIN;9992;25;;;;;10008;25;;;;;10000.0;621.0
1;11900;KELP;2033;4;2032;23;;;2035;23;;;;;2034.0;58.15625
1;12000;RAINFOREST_RESIN;9992;28;;;;;10008;28;;;;;10000.0;621.0
1;12000;KELP;2032;28;;;;;2035;28;;;;;2033.5;57.8671875
1;12000;SQUID_INK;1870;1;1869;27;;;1873;28;;;;;1871.5;0.841064453125
1;12100;KELP;2032;25;;;;;2035;25;;;;;2033.5;59.703125
1;12100;SQUID_INK;1871;2;1870;23;;;1874;25;;;;;1872.5;-1.077880859375
1;12100;RAINFOREST_RESIN;9992;34;;;;;9997;8;10008;34;;;9994.5;621.0
1;12200;KELP;2032;25;;;;;2035;25;;;;;2033.5;61.84375
1;12200;SQUID_INK;1872;2;1871;23;;;1875;25;;;;;1873.5;-3.0634765625
1;12200;RAINFOREST_RESIN;9992;33;;;;;10003;2;10008;33;;;9997.5;701.0
1;12300;SQUID_INK;1872;4;1871;25;;;1874;25;;;;;1873.0;-3.4462890625
1;12300;RAINFOREST_RESIN;9992;26;;;;;10008;26;;;;;10000.0;701.0
1;12300;KELP;2032;29;;;;;2035;25;;;;;2033.5;62.1640625
1;12400;RAINFOREST_RESIN;9992;29;;;;;10008;29;;;;;10000.0;701.0
1;12400;KELP;2032;29;;;;;2035;29;;;;;2033.5;58.765625
1;12400;SQUID_INK;1871;29;;;;;1874;29;;;;;1872.5;-2.6552734375
1;12500;KELP;2033;3;2032;23;;;2035;23;;;;;2034.0;58.8359375
1;12500;SQUID_INK;1871;3;1870;23;;;1873;23;;;;;1872.0;0.7041015625
1;12500;RAINFOREST_RESIN;9992;32;;;;;10003;2;10008;32;;;9997.5;701.0
1;12600;KELP;2033;4;2032;26;;;2035;26;;;;;2034.0;58.8359375
1;12600;SQUID_INK;1871;4;1870;26;;;1873;26;;;;;1872.0;-0.3896484375
1;12600;RAINFOREST_RESIN;9992;31;;;;;10008;31;;;;;10000.0;701.0
1;12700;SQUID_INK;1869;28;;;;;1872;28;;;;;1870.5;4.58203125
1;12700;RAINFOREST_RESIN;9992;30;;;;;10008;30;;;;;10000.0;701.0
1;12700;KELP;2032;28;;;;;2035;28;;;;;2033.5;62.7109375
1;12800;RAINFOREST_RESIN;9992;30;;;;;10008;30;;;;;10000.0;750.0
1;12800;KELP;2033;4;2032;30;;;2035;30;;;;;2034.0;58.7265625
1;12800;SQUID_INK;1868;4;1867;30;;;1870;30;;;;;1869.0;9.7451171875
1;12900;KELP;2032;23;;;;;2034;2;2035;23;;;2033.0;59.8046875
1;12900;SQUID_INK;1866;23;;;;;1868;2;1870;23;;;1867.0;11.0341796875
1;12900;RAINFOREST_RESIN;9992;34;;;;;10008;34;;;;;10000.0;750.0
1;13000;KELP;2032;32;;;;;2035;32;;;;;2033.5;60.609375
1;13000;SQUID_INK;1865;32;;;;;1868;32;;;;;1866.5;16.296875
1;13000;RAINFOREST_RESIN;9992;32;;;;;10008;32;;;;;10000.0;750.0
1;13100;RAINFOREST_RESIN;9992;28;;;;;10008;28;;;;;10000.0;750.0
1;13100;SQUID_INK;1864;21;;;;;1866;2;1868;21;;;1865.0;16.8115234375
1;13100;KELP;2032;21;;;;;2033;2;2035;21;;;2032.5;60.6171875
1;13200;RAINFOREST_RESIN;9992;29;;;;;10008;29;;;;;10000.0;750.0
1;13200;KELP;2034;1;2032;38;;;2035;31;;;;;2034.5;61.6796875
1;13200;SQUID_INK;1870;1;1868;38;;;1871;31;;;;;1870.5;6.8935546875
1;13300;KELP;2032;23;;;;;2035;23;;;;;2033.5;61.3828125
1;13300;RAINFOREST_RESIN;9992;33;;;;;10008;33;;;;;10000.0;750.0
1;13300;SQUID_INK;1869;1;1868;22;;;1872;23;;;;;1870.5;4.72802734375
1;13400;KELP;2032;26;;;;;2035;26;;;;;2033.5;65.5625
1;13400;SQUID_INK;1869;26;;;;;1872;26;;;;;1870.5;3.302734375
1;13400;RAINFOREST_RESIN;10001;1;9992;30;;;10008;30;;;;;10004.5;750.0
1;13500;RAINFOREST_RESIN;9992;25;;;;;10008;25;;;;;10000.0;751.0
1;13500;SQUID_INK;1868;25;;;;;1871;1;1872;24;;;1869.5;5.1552734375
1;13500;KELP;2032;25;;;;;2035;25;;;;;2033.5;65.96875
1;13600;RAINFOREST_RESIN;9992;30;;;;;10008;30;;;;;10000.0;751.0
1;13600;KELP;2032;26;;;;;2034;3;2035;26;;;2033.0;60.296875
1;13600;SQUID_INK;1867;26;;;;;1869;3;1870;2;1871;24;1868.0;8.2880859375
1;13700;KELP;2032;28;;;;;2035;28;;;;;2033.5;62.2578125
1;13700;RAINFOREST_RESIN;9992;32;;;;;10008;32;;;;;10000.0;751.0
1;13700;SQUID_INK;1866;28;;;;;1869;28;;;;;1867.5;11.6806640625
1;13800;KELP;2032;23;;;;;2035;23;;;;;2033.5;62.28125
1;13800;SQUID_INK;1867;23;;;;;1871;23;;;;;1869.0;7.6416015625
1;13800;RAINFOREST_RESIN;9992;27;;;;;10008;27;;;;;10000.0;751.0
1;13900;RAINFOREST_RESIN;9992;32;;;;;10008;32;;;;;10000.0;751.0
1;13900;SQUID_INK;1867;18;;;;;1870;21;;;;;1868.5;10.521484375
1;13900;KELP;2032;21;;;;;2033;3;2035;21;;;2032.5;63.828125
1;14000;RAINFOREST_RESIN;10003;2;9992;29;;;10008;29;;;;;10005.5;751.0
1;14000;KELP;2032;31;;;;;2035;29;;;;;2033.5;62.84375
1;14000;SQUID_INK;1867;31;;;;;1870;29;;;;;1868.5;9.44189453125
1;14100;KELP;2032;22;;;;;2035;22;;;;;2033.5;64.625
1;14100;RAINFOREST_RESIN;9992;28;;;;;10008;28;;;;;10000.0;757.0
1;14100;SQUID_INK;1867;22;;;;;1870;22;;;;;1868.5;9.85498046875
1;14200;SQUID_INK;1867;21;;;;;1871;21;;;;;1869.0;8.1015625
1;14200;KELP;2032;21;;;;;2035;21;;;;;2033.5;70.3359375
1;14200;RAINFOREST_RESIN;9992;30;;;;;10008;30;;;;;10000.0;757.0
1;14300;RAINFOREST_RESIN;9992;33;;;;;10008;33;;;;;10000.0;757.0
1;14300;SQUID_INK;1869;22;;;;;1872;22;;;;;1870.5;4.6005859375
1;14300;KELP;2032;22;;;;;2035;22;;;;;2033.5;71.8671875
1;14400;RAINFOREST_RESIN;9992;26;;;;;10008;26;;;;;10000.0;757.0
1;14400;SQUID_INK;1869;22;;;;;1872;23;;;;;1870.5;4.4619140625
1;14400;KELP;2032;22;;;;;2035;23;;;;;2033.5;68.8671875
1;14500;KELP;2032;29;;;;;2034;6;2035;29;;;2033.0;71.953125
1;14500;RAINFOREST_RESIN;9992;34;;;;;10008;34;;;;;10000.0;757.0
1;14500;SQUID_INK;1869;29;;;;;1871;6;1872;29;;;1870.0;4.13671875
1;14600;SQUID_INK;1866;28;;;;;1867;3;1869;28;;;1866.5;12.05908203125
1;14600;KELP;2032;28;;;;;2033;3;2035;28;;;2032.5;77.171875
1;14600;RAINFOREST_RESIN;9992;25;;;;;10008;25;;;;;10000.0;757.0
1;14700;RAINFOREST_RESIN;9992;32;;;;;10008;32;;;;;10000.0;757.0
1;14700;SQUID_INK;1866;24;;;;;1868;2;1869;24;;;1867.0;12.35888671875
1;14700;KELP;2032;24;;;;;2034;2;2035;24;;;2033.0;78.78125
1;14800;RAINFOREST_RESIN;9992;35;;;;;10008;35;;;;;10000.0;757.0
1;14800;SQUID_INK;1866;31;;;;;1868;3;1869;31;;;1867.0;11.66162109375
1;14800;KELP;2032;31;;;;;2034;3;2035;31;;;2033.0;79.7890625
1;14900;KELP;2034;4;2032;26;;;2035;26;;;;;2034.5;73.6640625
1;14900;RAINFOREST_RESIN;9992;35;;;;;10008;35;;;;;10000.0;771.0
1;14900;SQUID_INK;1869;4;1868;26;;;1871;26;;;;;1870.0;7.59814453125
1;15000;SQUID_INK;1868;31;;;;;1871;27;;;;;1869.5;7.1220703125
1;15000;KELP;2032;31;;;;;2035;27;;;;;2033.5;73.1484375
1;15000;RAINFOREST_RESIN;10000;4;9992;26;;;10008;26;;;;;10004.0;771.0
1;15100;RAINFOREST_RESIN;9992;35;;;;;10008;35;;;;;10000.0;771.0
1;15100;SQUID_INK;1870;21;;;;;1873;21;;;;;1871.5;0.7392578125
1;15100;KELP;2032;21;;;;;2035;21;;;;;2033.5;78.25
1;15200;RAINFOREST_RESIN;9992;35;;;;;10000;4;10008;35;;;9996.0;771.0
1;15200;SQUID_INK;1870;4;1869;27;;;1872;23;;;;;1871.0;4.28564453125
1;15200;KELP;2033;8;2032;23;;;2036;23;;;;;2034.5;88.53125
1;15300;KELP;2032;24;;;;;2034;6;2036;24;;;2033.0;89.078125
1;15300;RAINFOREST_RESIN;10002;3;9997;5;9992;25;10008;25;;;;;10005.0;771.0
1;15300;SQUID_INK;1869;2;1868;22;;;1870;6;1872;24;;;1869.5;4.85498046875
1;15400;SQUID_INK;1868;30;;;;;1871;30;;;;;1869.5;7.0458984375
1;15400;KELP;2032;30;;;;;2036;30;;;;;2034.0;87.2890625
1;15400;RAINFOREST_RESIN;9992;35;;;;;10008;35;;;;;10000.0;777.0
1;15500;RAINFOREST_RESIN;9992;28;;;;;9997;11;10008;28;;;9994.5;777.0
1;15500;SQUID_INK;1868;25;;;;;1872;25;;;;;1870.0;4.6484375
1;15500;KELP;2032;25;;;;;2036;25;;;;;2034.0;88.6796875
1;15600;RAINFOREST_RESIN;9992;29;;;;;10008;29;;;;;10000.0;810.0
1;15600;SQUID_INK;1869;23;;;;;1872;23;;;;;1870.5;4.04345703125
1;15600;KELP;2032;23;;;;;2036;23;;;;;2034.0;95.71875
1;15700;KELP;2032;30;;;;;2034;1;2036;30;;;2033.0;95.28125
1;15700;RAINFOREST_RESIN;9992;34;;;;;10003;7;10008;34;;;9997.5;810.0
1;15700;SQUID_INK;1868;30;;;;;1870;1;1872;30;;;1869.0;4.94580078125
1;15800;SQUID_INK;1869;32;;;;;1872;28;;;;;1870.5;3.517578125
1;15800;KELP;2033;4;2032;28;;;2036;28;;;;;2034.5;96.2265625
1;15800;RAINFOREST_RESIN;9992;28;;;;;10008;28;;;;;10000.0;810.0
1;15900;RAINFOREST_RESIN;9992;34;;;;;10008;34;;;;;10000.0;810.0
1;15900;SQUID_INK;1868;18;;;;;1871;21;;;;;1869.5;7.1669921875
1;15900;KELP;2032;21;;;;;2033;3;2036;21;;;2032.5;95.828125
1;16000;RAINFOREST_RESIN;9992;34;;;;;10003;5;10008;34;;;9997.5;810.0
1;16000;SQUID_INK;1869;22;;;;;1871;4;1872;2;1873;20;1870.0;2.17138671875
1;16000;KELP;2032;22;;;;;2034;4;2036;22;;;2033.0;97.59375
1;16100;KELP;2032;27;;;;;2033;2;2034;8;2036;27;2032.5;101.4296875
1;16100;RAINFOREST_RESIN;9997;5;9992;31;;;10008;31;;;;;10002.5;810.0
1;16100;SQUID_INK;1870;25;;;;;1871;8;1873;27;;;1870.5;1.5576171875
1;16200;SQUID_INK;1870;26;;;;;1873;27;;;;;1871.5;-0.1669921875
1;16200;KELP;2032;27;;;;;2033;1;2036;27;;;2032.5;108.1640625
1;16200;RAINFOREST_RESIN;9992;33;;;;;10008;33;;;;;10000.0;810.0
1;16300;RAINFOREST_RESIN;9992;34;;;;;10008;34;;;;;10000.0;810.0
1;16300;SQUID_INK;1871;22;;;;;1874;22;;;;;1872.5;-2.1259765625
1;16300;KELP;2033;22;;;;;2036;22;;;;;2034.5;113.9140625
1;16400;RAINFOREST_RESIN;9992;28;;;;;9999;1;10008;28;;;9995.5;817.0
1;16400;SQUID_INK;1872;27;;;;;1874;7;1875;2;1876;25;1873.0;-6.8916015625
1;16400;KELP;2033;27;;;;;2035;7;2036;27;;;2034.0;117.5390625
1;16500;KELP;2033;22;;;;;2035;1;2036;22;;;2034.0;116.5
1;16500;RAINFOREST_RESIN;9992;33;;;;;10008;33;;;;;10000.0;818.0
1;16500;SQUID_INK;1872;22;;;;;1874;1;1875;22;;;1873.0;-5.978515625
1;16600;SQUID_INK;1873;7;1872;26;;;1876;26;;;;;1874.5;-6.63525390625
1;16600;KELP;2033;33;;;;;2036;26;;;;;2034.5;115.390625
1;16600;RAINFOREST_RESIN;9992;34;;;;;10008;34;;;;;10000.0;818.0
1;16700;RAINFOREST_RESIN;9992;32;;;;;10000;3;10008;32;;;9996.0;818.0
1;16700;SQUID_INK;1872;25;;;;;1875;25;;;;;1873.5;-5.041015625
1;16700;KELP;2033;25;;;;;2036;25;;;;;2034.5;113.8203125
1;16800;RAINFOREST_RESIN;9992;28;;;;;10008;28;;;;;10000.0;818.0
1;16800;SQUID_INK;1873;2;1872;27;;;1875;27;;;;;1874.0;-6.11083984375
1;16800;KELP;2034;2;2033;27;;;2036;27;;;;;2035.0;114.2734375
1;16900;KELP;2033;24;;;;;2036;24;;;;;2034.5;117.4296875
1;16900;RAINFOREST_RESIN;9992;28;;;;;10000;2;10008;28;;;9996.0;818.0
1;16900;SQUID_INK;1871;24;;;;;1875;24;;;;;1873.0;-3.931640625
1;17000;SQUID_INK;1872;1;1871;26;;;1874;26;;;;;1873.0;-3.36962890625
1;17000;RAINFOREST_RESIN;10001;1;9992;28;;;10008;28;;;;;10004.5;818.0
1;17000;KELP;2033;27;;;;;2036;26;;;;;2034.5;121.0546875
1;17100;SQUID_INK;1871;27;;;;;1874;27;;;;;1872.5;-3.2919921875
1;17100;KELP;2033;27;;;;;2036;27;;;;;2034.5;117.4296875
1;17100;RAINFOREST_RESIN;9992;35;;;;;10008;35;;;;;10000.0;819.0
1;17200;SQUID_INK;1872;33;;;;;1875;28;;;;;1873.5;-5.3486328125
1;17200;RAINFOREST_RESIN;9992;32;;;;;10008;32;;;;;10000.0;819.0
1;17200;KELP;2033;33;;;;;2036;28;;;;;2034.5;112.2109375
1;17300;KELP;2033;28;;;;;2035;6;2036;28;;;2034.0;117.8203125
1;17300;RAINFOREST_RESIN;9992;33;;;;;10008;33;;;;;10000.0;819.0
1;17300;SQUID_INK;1872;28;;;;;1874;6;1875;28;;;1873.0;-6.47412109375
1;17400;RAINFOREST_RESIN;9992;31;;;;;9997;11;10003;4;10008;31;9994.5;819.0
1;17400;KELP;2035;3;2033;27;;;2036;25;;;;;2035.5;120.390625
1;17400;SQUID_INK;1875;3;1874;2;1873;25;1876;25;;;;;1875.5;-9.4482421875
1;17500;KELP;2033;28;;;;;2036;28;;;;;2034.5;137.078125
1;17500;SQUID_INK;1873;28;;;;;1876;28;;;;;1874.5;-7.89794921875
1;17500;RAINFOREST_RESIN;9992;28;;;;;10008;28;;;;;10000.0;852.0
1;17600;SQUID_INK;1874;33;;;;;1877;30;;;;;1875.5;-10.4287109375
1;17600;RAINFOREST_RESIN;9992;34;;;;;10008;34;;;;;10000.0;852.0
1;17600;KELP;2033;33;;;;;2036;30;;;;;2034.5;138.515625
1;17700;KELP;2033;22;;;;;2036;22;;;;;2034.5;135.875
1;17700;SQUID_INK;1874;22;;;;;1878;22;;;;;1876.0;-15.3798828125
1;17700;RAINFOREST_RESIN;9992;25;;;;;10008;25;;;;;10000.0;852.0
1;17800;RAINFOREST_RESIN;9992;30;;;;;10008;30;;;;;10000.0;852.0
1;17800;KELP;2033;32;;;;;2035;5;2036;32;;;2034.0;137.5625
1;17800;SQUID_INK;1875;32;;;;;1877;5;1878;32;;;1876.0;-17.0517578125
1;17900;KELP;2035;1;2034;2;2033;21;2036;21;;;;;2035.5;134.8984375
1;17900;SQUID_INK;1877;1;1876;2;1875;21;1878;21;;;;;1877.5;-17.505859375
1;17900;RAINFOREST_RESIN;10002;5;9992;32;;;10008;32;;;;;10005.0;866.0
1;18000;SQUID_INK;1874;24;;;;;1878;24;;;;;1876.0;-15.3896484375
1;18000;RAINFOREST_RESIN;9997;7;9992;29;;;10008;29;;;;;10002.5;876.0
1;18000;KELP;2033;24;;;;;2036;24;;;;;2034.5;128.53515625
1;18100;KELP;2033;30;;;;;2036;30;;;;;2034.5;129.53515625
1;18100;SQUID_INK;1875;30;;;;;1878;30;;;;;1876.5;-20.2587890625
1;18100;RAINFOREST_RESIN;9992;35;;;;;10008;35;;;;;10000.0;876.0
1;18200;RAINFOREST_RESIN;9992;30;;;;;10008;30;;;;;10000.0;876.0
1;18200;KELP;2033;25;;;;;2036;25;;;;;2034.5;135.140625
1;18200;SQUID_INK;1875;25;;;;;1878;25;;;;;1876.5;-18.5205078125
1;18300;KELP;2033;20;;;;;2036;20;;;;;2034.5;130.5546875
1;18300;SQUID_INK;1876;20;;;;;1879;20;;;;;1877.5;-28.2265625
1;18300;RAINFOREST_RESIN;9992;25;;;;;10008;25;;;;;10000.0;876.0
1;18400;SQUID_INK;1878;1;1876;22;;;1879;22;;;;;1878.5;-31.6513671875
1;18400;RAINFOREST_RESIN;9992;26;;;;;10008;26;;;;;10000.0;876.0
1;18400;KELP;2035;1;2033;22;;;2036;22;;;;;2035.5;135.140625
1;18500;SQUID_INK;1877;22;;;;;1880;23;;;;;1878.5;-37.41015625
1;18500;KELP;2033;22;;;;;2036;23;;;;;2034.5;139.125
1;18500;RAINFOREST_RESIN;9992;29;;;;;10008;29;;;;;10000.0;876.0
1;18600;RAINFOREST_RESIN;9992;28;;;;;10008;28;;;;;10000.0;876.0
1;18600;KELP;2033;13;;;;;2036;22;;;;;2034.5;134.671875
1;18600;SQUID_INK;1877;13;;;;;1880;22;;;;;1878.5;-36.7109375
1;18700;SQUID_INK;1876;30;;;;;1880;30;;;;;1878.0;-33.876953125
1;18700;KELP;2033;30;;;;;2036;30;;;;;2034.5;130.28125
1;18700;RAINFOREST_RESIN;9992;32;;;;;10008;32;;;;;10000.0;876.0
1;18800;SQUID_INK;1876;24;;;;;1879;24;;;;;1877.5;-31.384765625
1;18800;RAINFOREST_RESIN;9992;28;;;;;10008;28;;;;;10000.0;876.0
1;18800;KELP;2032;24;;;;;2036;24;;;;;2034.0;123.640625
1;18900;SQUID_INK;1876;32;;;;;1879;25;;;;;1877.5;-29.814453125
1;18900;KELP;2033;32;;;;;2036;25;;;;;2034.5;128.5859375
1;18900;RAINFOREST_RESIN;9992;32;;;;;10008;32;;;;;10000.0;876.0
1;19000;RAINFOREST_RESIN;10002;3;9992;25;;;10008;25;;;;;10005.0;876.0
1;19000;KELP;2033;31;;;;;2036;31;;;;;2034.5;131.8359375
1;19000;SQUID_INK;1875;31;;;;;1878;31;;;;;1876.5;-24.13671875
1;19100;SQUID_INK;1875;23;;;;;1878;23;;;;;1876.5;-25.87109375
1;19100;KELP;2033;23;;;;;2036;23;;;;;2034.5;131.828125
1;19100;RAINFOREST_RESIN;9992;28;;;;;10008;28;;;;;10000.0;882.0
1;19200;SQUID_INK;1875;26;;;;;1878;26;;;;;1876.5;-18.591796875
1;19200;RAINFOREST_RESIN;9992;27;;;;;9998;5;10008;27;;;9995.0;882.0
1;19200;KELP;2033;26;;;;;2036;26;;;;;2034.5;132.2265625
1;19300;SQUID_INK;1876;25;;;;;1879;25;;;;;1877.5;-35.798828125
1;19300;KELP;2033;25;;;;;2036;25;;;;;2034.5;133.8515625
1;19300;RAINFOREST_RESIN;9992;30;;;;;9997;8;10008;30;;;9994.5;934.0
1;19400;RAINFOREST_RESIN;9992;25;;;;;9999;1;10008;25;;;9995.5;949.0
1;19400;KELP;2033;26;;;;;2036;26;;;;;2034.5;132.203125
1;19400;SQUID_INK;1877;26;;;;;1880;26;;;;;1878.5;-51.189453125
1;19500;SQUID_INK;1875;23;;;;;1878;23;;;;;1876.5;-16.607421875
1;19500;KELP;2033;23;;;;;2036;23;;;;;2034.5;131.8125
1;19500;RAINFOREST_RESIN;9992;35;;;;;10000;1;10008;35;;;9996.0;949.0
1;19600;SQUID_INK;1877;1;1876;26;;;1880;27;;;;;1878.5;-51.5
1;19600;RAINFOREST_RESIN;9992;33;;;;;10008;33;;;;;10000.0;949.0
1;19600;KELP;2033;27;;;;;2036;27;;;;;2034.5;137.4375
1;19700;SQUID_INK;1877;31;;;;;1880;31;;;;;1878.5;-66.3359375
1;19700;RAINFOREST_RESIN;9992;30;;;;;9998;3;10008;30;;;9995.0;956.0
1;19700;KELP;2033;31;;;;;2036;31;;;;;2034.5;149.4453125
1;19800;RAINFOREST_RESIN;9992;33;;;;;10008;33;;;;;10000.0;958.0
1;19800;KELP;2033;28;;;;;2036;28;;;;;2034.5;152.359375
1;19800;SQUID_INK;1877;28;;;;;1880;28;;;;;1878.5;-68.2578125
1;19900;KELP;2033;23;;;;;2036;23;;;;;2034.5;152.78125
1;19900;SQUID_INK;1876;23;;;;;1879;23;;;;;1877.5;-35.96484375
1;19900;RAINFOREST_RESIN;9992;29;;;;;10008;29;;;;;10000.0;958.0
1;20000;KELP;2033;26;;;;;2035;4;2036;26;;;2034.0;153.59375
1;20000;SQUID_INK;1875;26;;;;;1877;4;1878;26;;;1876.0;-17.8203125
1;20000;RAINFOREST_RESIN;9992;31;;;;;10008;31;;;;;10000.0;958.0
1;20100;SQUID_INK;1876;30;;;;;1878;4;1879;30;;;1877.0;-41.6484375
1;20100;RAINFOREST_RESIN;9992;31;;;;;10008;31;;;;;10000.0;958.0
1;20100;KELP;2033;30;;;;;2035;4;2036;30;;;2034.0;155.6484375
1;20200;RAINFOREST_RESIN;9992;34;;;;;10003;2;10008;34;;;9997.5;958.0
1;20200;KELP;2033;20;;;;;2036;20;;;;;2034.5;154.078125
1;20200;SQUID_INK;1876;20;;;;;1879;20;;;;;1877.5;-49.7734375
1;20300;KELP;2033;24;;;;;2036;24;;;;;2034.5;159.3125
1;20300;SQUID_INK;1878;24;;;;;1881;24;;;;;1879.5;-96.61328125
1;20300;RAINFOREST_RESIN;9992;25;;;;;10008;25;;;;;10000.0;958.0
1;20400;KELP;2033;28;;;;;2034;3;2036;28;;;2033.5;155.8046875
1;20400;SQUID_INK;1879;28;;;;;1880;3;1882;1;1883;27;1879.5;-126.75390625
1;20400;RAINFOREST_RESIN;9997;6;9992;27;;;10008;27;;;;;10002.5;972.0
1;20500;SQUID_INK;1879;25;;;;;1880;7;1883;26;;;1879.5;-133.47265625
1;20500;RAINFOREST_RESIN;9992;31;;;;;10008;31;;;;;10000.0;972.0
1;20500;KELP;2033;18;;;;;2036;1;2037;25;;;2034.5;162.4921875
1;20600;RAINFOREST_RESIN;10001;1;9992;33;;;10008;33;;;;;10004.5;972.0
1;20600;KELP;2033;25;;;;;2036;25;;;;;2034.5;160.7578125
1;20600;SQUID_INK;1881;25;;;;;1884;25;;;;;1882.5;-165.1640625
1;20700;KELP;2035;2;2033;33;;;2036;30;;;;;2035.5;160.796875
1;20700;SQUID_INK;1881;2;1880;33;;;1883;30;;;;;1882.0;-140.18359375
1;20700;RAINFOREST_RESIN;9992;29;;;;;10008;29;;;;;10000.0;973.0
1;20800;KELP;2033;26;;;;;2036;26;;;;;2034.5;168.75
1;20800;SQUID_INK;1878;26;;;;;1881;26;;;;;1879.5;-88.203125
1;20800;RAINFOREST_RESIN;9992;31;;;;;9999;1;10008;31;;;9995.5;973.0
1;20900;SQUID_INK;1877;1;1876;29;;;1880;31;;;;;1878.5;-52.6328125
1;20900;RAINFOREST_RESIN;9992;28;;;;;10008;28;;;;;10000.0;974.0
1;20900;KELP;2033;30;;;;;2036;31;;;;;2034.5;149.3671875
1;21000;RAINFOREST_RESIN;10001;1;9992;31;;;10008;31;;;;;10004.5;974.0
1;21000;KELP;2033;26;;;;;2036;26;;;;;2034.5;160.1171875
1;21000;SQUID_INK;1877;26;;;;;1880;26;;;;;1878.5;-60.21484375
1;21100;KELP;2033;28;;;;;2034;2;2036;28;;;2033.5;159.703125
1;21100;SQUID_INK;1877;28;;;;;1878;2;1880;28;;;1877.5;-65.9765625
1;21100;RAINFOREST_RESIN;9992;35;;;;;10003;6;10008;35;;;9997.5;975.0
1;21200;KELP;2035;1;2033;29;;;2036;29;;;;;2035.5;153.171875
1;21200;SQUID_INK;1879;1;1877;29;;;1880;29;;;;;1879.5;-72.71875
1;21200;RAINFOREST_RESIN;9992;28;;;;;10008;28;;;;;10000.0;975.0
1;21300;SQUID_INK;1877;22;;;;;1879;2;1880;22;;;1878.0;-79.22265625
1;21300;RAINFOREST_RESIN;9992;27;;;;;10008;27;;;;;10000.0;975.0
1;21300;KELP;2033;22;;;;;2035;2;2036;22;;;2034.0;153.71875
1;21400;RAINFOREST_RESIN;9992;26;;;;;10008;26;;;;;10000.0;975.0
1;21400;KELP;2033;30;;;;;2036;30;;;;;2034.5;148.7890625
1;21400;SQUID_INK;1877;30;;;;;1880;30;;;;;1878.5;-70.55078125
1;21500;KELP;2032;28;;;;;2033;5;2036;30;;;2032.5;143.765625
1;21500;SQUID_INK;1876;23;;;;;1879;30;;;;;1877.5;-36.1640625
1;21500;RAINFOREST_RESIN;9992;25;;;;;10008;25;;;;;10000.0;975.0
1;21600;KELP;2033;22;;;;;2036;22;;;;;2034.5;147.5078125
1;21600;SQUID_INK;1875;22;;;;;1878;2;1879;20;;;1876.5;-15.6171875
1;21600;RAINFOREST_RESIN;9997;4;9992;33;;;10008;33;;;;;10002.5;975.0
1;21700;SQUID_INK;1875;4;1874;27;;;1877;27;;;;;1876.0;21.9765625
1;21700;RAINFOREST_RESIN;9992;29;;;;;10008;29;;;;;10000.0;975.0
1;21700;KELP;2033;31;;;;;2036;27;;;;;2034.5;154.703125
1;21800;RAINFOREST_RESIN;9997;4;9992;25;;;10008;25;;;;;10002.5;996.0
1;21800;KELP;2033;26;;;;;2036;26;;;;;2034.5;147.515625
1;21800;SQUID_INK;1875;26;;;;;1878;26;;;;;1876.5;7.578125
1;21900;KELP;2032;27;;;;;2036;27;;;;;2034.0;143.4140625
1;21900;RAINFOREST_RESIN;9992;28;;;;;9999;1;10008;28;;;9995.5;996.0
1;21900;SQUID_INK;1875;27;;;;;1878;27;;;;;1876.5;-5.7421875
1;22000;KELP;2032;22;;;;;2036;22;;;;;2034.0;137.3828125
1;22000;SQUID_INK;1875;22;;;;;1878;22;;;;;1876.5;-6.125
1;22000;RAINFOREST_RESIN;9997;2;9992;27;;;10008;27;;;;;10002.5;996.0
1;22100;RAINFOREST_RESIN;10000;2;9992;27;;;10008;27;;;;;10004.0;996.0
1;22100;SQUID_INK;1875;22;;;;;1877;4;1878;22;;;1876.0;-8.578125
1;22100;KELP;2032;22;;;;;2034;4;2036;22;;;2033.0;142.484375
1;22200;RAINFOREST_RESIN;9992;27;;;;;9999;1;10008;27;;;9995.5;996.0
1;22200;KELP;2033;26;;;;;2036;23;;;;;2034.5;146.09375
1;22200;SQUID_INK;1874;26;;;;;1877;23;;;;;1875.5;29.9140625
1;22300;KELP;2033;2;2032;28;;;2036;30;;;;;2034.5;144.5703125
1;22300;RAINFOREST_RESIN;9992;27;;;;;10008;27;;;;;10000.0;997.0
1;22300;SQUID_INK;1875;30;;;;;1878;30;;;;;1876.5;-10.9921875
1;22400;KELP;2033;1;2032;23;;;2036;24;;;;;2034.5;145.0234375
1;22400;SQUID_INK;1874;24;;;;;1877;24;;;;;1875.5;25.4296875
1;22400;RAINFOREST_RESIN;9992;25;;;;;10008;25;;;;;10000.0;997.0
1;22500;RAINFOREST_RESIN;9992;28;;;;;10008;28;;;;;10000.0;997.0
1;22500;SQUID_INK;1875;1;1872;27;;;1876;27;;;;;1875.5;92.078125
1;22500;KELP;2035;1;2032;27;;;2036;27;;;;;2035.5;139.296875
1;22600;RAINFOREST_RESIN;9992;34;;;;;10003;2;10008;34;;;9997.5;997.0
1;22600;KELP;2035;1;2034;4;2033;5;2036;26;;;;;2035.5;144.6796875
1;22600;SQUID_INK;1875;1;1874;4;1873;30;1876;26;;;;;1875.5;81.03125
1;22700;KELP;2032;26;;;;;2036;26;;;;;2034.0;141.5625
1;22700;RAINFOREST_RESIN;9992;34;;;;;10008;34;;;;;10000.0;997.0
1;22700;SQUID_INK;1874;26;;;;;1877;26;;;;;1875.5;35.078125
1;22800;KELP;2032;27;;;;;2036;27;;;;;2034.0;140.078125
1;22800;SQUID_INK;1873;27;;;;;1876;27;;;;;1874.5;61.796875
1;22800;RAINFOREST_RESIN;9992;27;;;;;10008;27;;;;;10000.0;1004.0
1;22900;RAINFOREST_RESIN;9992;31;;;;;10008;31;;;;;10000.0;1004.0
1;22900;SQUID_INK;1874;22;;;;;1876;4;1877;23;;;1875.0;28.65625
1;22900;KELP;2032;23;;;;;2033;1;2034;4;2036;23;2032.5;140.6015625
1;23000;RAINFOREST_RESIN;9992;28;;;;;9998;3;10008;28;;;9995.0;1004.0
1;23000;SQUID_INK;1878;1;1876;21;;;1879;21;;;;;1878.5;-68.625
1;23000;KELP;2035;1;2032;21;;;2036;21;;;;;2035.5;138.6328125
1;23100;KELP;2033;7;2032;28;;;2036;28;;;;;2034.5;141.1796875
1;23100;RAINFOREST_RESIN;9992;26;;;;;10008;26;;;;;10000.0;1004.0
1;23100;SQUID_INK;1876;35;;;;;1879;28;;;;;1877.5;-49.9921875
1;23200;SQUID_INK;1876;26;;;;;1879;25;;;;;1877.5;-61.796875
1;23200;KELP;2033;1;2032;25;;;2036;25;;;;;2034.5;142.703125
1;23200;RAINFOREST_RESIN;9992;29;;;;;10008;29;;;;;10000.0;1004.0
1;23300;RAINFOREST_RESIN;9992;35;;;;;10008;35;;;;;10000.0;1004.0
1;23300;SQUID_INK;1878;23;;;;;1881;23;;;;;1879.5;-160.03125
1;23300;KELP;2032;23;;;;;2036;23;;;;;2034.0;144.28125
1;23400;RAINFOREST_RESIN;10002;3;9992;25;;;10008;25;;;;;10005.0;1004.0
1;23400;SQUID_INK;1879;30;;;;;1882;30;;;;;1880.5;-201.765625
1;23400;KELP;2033;1;2032;29;;;2036;30;;;;;2034.5;149.28125
1;23500;KELP;2033;3;2032;31;;;2036;31;;;;;2034.5;142.4375
1;23500;RAINFOREST_RESIN;10002;5;9992;29;;;10008;29;;;;;10005.0;1010.0
1;23500;SQUID_INK;1879;3;1878;31;;;1881;1;1882;30;;;1880.0;-173.46875
1;23600;SQUID_INK;1878;26;;;;;1881;2;1882;25;;;1879.5;-172.40625
1;23600;KELP;2032;27;;;;;2033;1;2036;27;;;2032.5;144.0078125
1;23600;RAINFOREST_RESIN;9997;5;9992;34;;;10008;34;;;;;10002.5;1020.0
1;23700;RAINFOREST_RESIN;10001;1;9992;28;;;10003;8;10008;28;;;10002.0;1020.0
1;23700;SQUID_INK;1881;1;1879;21;;;1882;21;;;;;1881.5;-198.8828125
1;23700;KELP;2034;1;2032;21;;;2035;1;2036;20;;;2034.5;133.75
1;23800;RAINFOREST_RESIN;9992;32;;;;;10008;32;;;;;10000.0;1021.0
1;23800;SQUID_INK;1879;22;;;;;1882;22;;;;;1880.5;-222.2578125
1;23800;KELP;2032;22;;;;;2036;22;;;;;2034.0;143.4453125
1;23900;KELP;2032;27;;;;;2036;27;;;;;2034.0;139.828125
1;23900;RAINFOREST_RESIN;9992;34;;;;;9999;1;10008;34;;;9995.5;1021.0
1;23900;SQUID_INK;1879;27;;;;;1883;27;;;;;1881.0;-225.1875
1;24000;SQUID_INK;1877;35;;;;;1880;29;;;;;1878.5;-111.2578125
1;24000;KELP;2033;6;2032;29;;;2036;29;;;;;2034.5;137.7734375
1;24000;RAINFOREST_RESIN;10001;1;9992;29;;;10008;29;;;;;10004.5;1022.0
1;24100;RAINFOREST_RESIN;9992;33;;;;;10008;33;;;;;10000.0;1030.0
1;24100;SQUID_INK;1876;22;;;;;1880;22;;;;;1878.0;-78.046875
1;24100;KELP;2032;22;;;;;2036;22;;;;;2034.0;139.7890625
1;24200;RAINFOREST_RESIN;9992;29;;;;;10003;4;10008;29;;;9997.5;1030.0
1;24200;SQUID_INK;1874;24;;;;;1875;8;1877;24;;;1874.5;60.1953125
1;24200;KELP;2032;24;;;;;2034;8;2036;24;;;2033.0;137.21875
1;24300;KELP;2032;26;;;;;2034;5;2036;27;;;2033.0;135.21875
1;24300;RAINFOREST_RESIN;9992;25;;;;;10008;25;;;;;10000.0;1030.0
1;24300;SQUID_INK;1874;27;;;;;1875;1;1876;5;1878;27;1874.5;20.8203125
1;24400;SQUID_INK;1876;8;1875;29;;;1878;29;;;;;1877.0;-20.25
1;24400;KELP;2033;8;2032;29;;;2036;29;;;;;2034.5;136.265625
1;24400;RAINFOREST_RESIN;9992;35;;;;;10008;35;;;;;10000.0;1030.0
1;24500;RAINFOREST_RESIN;9992;33;;;;;10008;33;;;;;10000.0;1030.0
1;24500;SQUID_INK;1876;26;;;;;1879;26;;;;;1877.5;-44.1953125
1;24500;KELP;2032;26;;;;;2036;26;;;;;2034.0;141.3671875
1;24600;RAINFOREST_RESIN;9992;32;;;;;10008;32;;;;;10000.0;1030.0
1;24600;SQUID_INK;1877;24;;;;;1880;24;;;;;1878.5;-112.109375
1;24600;KELP;2032;24;;;;;2036;24;;;;;2034.0;141.421875
1;24700;KELP;2033;22;;;;;2036;22;;;;;2034.5;160.9375
1;24700;RAINFOREST_RESIN;9992;29;;;;;10008;29;;;;;10000.0;1030.0
1;24700;SQUID_INK;1878;22;;;;;1881;22;;;;;1879.5;-151.8125
1;24800;SQUID_INK;1878;28;;;;;1882;28;;;;;1880.0;-173.8203125
1;24800;KELP;2033;28;;;;;2036;28;;;;;2034.5;152.2265625
1;24800;RAINFOREST_RESIN;9997;2;9992;27;;;10008;27;;;;;10002.5;1030.0
1;24900;RAINFOREST_RESIN;9992;29;;;;;10003;3;10008;29;;;9997.5;1030.0
1;24900;SQUID_INK;1879;24;;;;;1883;24;;;;;1881.0;-234.203125
1;24900;KELP;2032;24;;;;;2036;24;;;;;2034.0;148.6015625
1;25000;RAINFOREST_RESIN;10001;1;9992;31;;;10008;31;;;;;10004.5;1030.0
1;25000;SQUID_INK;1877;28;;;;;1881;28;;;;;1879.0;-127.40625
1;25000;KELP;2033;1;2032;27;;;2036;28;;;;;2034.5;148.5859375
1;25100;KELP;2033;27;;;;;2036;27;;;;;2034.5;155.203125
1;25100;RAINFOREST_RESIN;9992;32;;;;;10008;32;;;;;10000.0;1031.0
1;25100;SQUID_INK;1877;27;;;;;1880;27;;;;;1878.5;-112.234375
1;25200;SQUID_INK;1876;32;;;;;1877;4;1879;26;;;1876.5;-60.5078125
1;25200;KELP;2033;32;;;;;2034;4;2036;26;;;2033.5;159.703125
1;25200;RAINFOREST_RESIN;9992;26;;;;;10008;26;;;;;10000.0;1031.0
1;25300;RAINFOREST_RESIN;9992;31;;;;;10008;31;;;;;10000.0;1031.0
1;25300;SQUID_INK;1877;22;;;;;1880;22;;;;;1878.5;-102.921875
1;25300;KELP;2033;22;;;;;2036;22;;;;;2034.5;153.0234375
1;25400;RAINFOREST_RESIN;9992;25;;;;;10008;25;;;;;10000.0;1031.0
1;25400;SQUID_INK;1876;29;;;;;1879;29;;;;;1877.5;-53.3125
1;25400;KELP;2033;29;;;;;2036;29;;;;;2034.5;159.0
1;25500;KELP;2033;24;;;;;2035;6;2036;24;;;2034.0;159.53125
1;25500;RAINFOREST_RESIN;9992;30;;;;;10008;30;;;;;10000.0;1031.0
1;25500;SQUID_INK;1876;1;1875;23;;;1877;6;1879;24;;;1876.5;-34.546875
1;25600;SQUID_INK;1874;24;;;;;1876;6;1877;24;;;1875.0;48.9140625
1;25600;KELP;2033;24;;;;;2035;6;2036;24;;;2034.0;158.4921875
1;25600;RAINFOREST_RESIN;9997;5;9992;29;;;10008;29;;;;;10002.5;1031.0
1;25700;RAINFOREST_RESIN;9992;28;;;;;10008;28;;;;;10000.0;1031.0
1;25700;SQUID_INK;1874;25;;;;;1877;25;;;;;1875.5;34.65625
1;25700;KELP;2033;25;;;;;2036;25;;;;;2034.5;151.84375
1;25800;RAINFOREST_RESIN;10001;1;9992;29;;;10008;29;;;;;10004.5;1031.0
1;25800;SQUID_INK;1873;29;;;;;1876;29;;;;;1874.5;94.6640625
1;25800;KELP;2033;2;2032;27;;;2036;29;;;;;2034.5;149.3046875
1;25900;KELP;2033;29;;;;;2036;29;;;;;2034.5;151.3046875
1;25900;RAINFOREST_RESIN;9992;34;;;;;10008;34;;;;;10000.0;1032.0
1;25900;SQUID_INK;1872;29;;;;;1875;2;1876;27;;;1873.5;126.265625
1;26000;SQUID_INK;1874;1;1872;27;;;1875;27;;;;;1874.5;157.3515625
1;26000;RAINFOREST_RESIN;9992;28;;;;;10003;4;10008;28;;;9997.5;1032.0
1;26000;KELP;2035;1;2033;27;;;2036;27;;;;;2035.5;153.40625
1;26100;SQUID_INK;1874;1;1872;27;;;1875;25;;;;;1874.5;147.5625
1;26100;KELP;2035;1;2033;27;;;2036;25;;;;;2035.5;159.109375
1;26100;RAINFOREST_RESIN;9992;28;;;;;10008;28;;;;;10000.0;1032.0
1;26200;SQUID_INK;1870;29;;;;;1873;2;1874;27;;;1871.5;223.328125
1;26200;RAINFOREST_RESIN;9992;35;;;;;10003;2;10008;35;;;9997.5;1032.0
1;26200;KELP;2033;29;;;;;2036;29;;;;;2034.5;175.28125
1;26300;KELP;2033;25;;;;;2036;26;;;;;2034.5;180.6484375
1;26300;SQUID_INK;1869;25;;;;;1872;26;;;;;1870.5;278.3125
1;26300;RAINFOREST_RESIN;10002;5;9992;31;;;10008;31;;;;;10005.0;1032.0
1;26400;RAINFOREST_RESIN;9992;35;;;;;10008;35;;;;;10000.0;1042.0
1;26400;KELP;2033;27;;;;;2036;27;;;;;2034.5;170.265625
1;26400;SQUID_INK;1868;27;;;;;1872;27;;;;;1870.0;324.3046875
1;26500;KELP;2033;22;;;;;2036;22;;;;;2034.5;171.578125
1;26500;SQUID_INK;1869;22;;;;;1872;22;;;;;1870.5;293.046875
1;26500;RAINFOREST_RESIN;9992;26;;;;;10008;26;;;;;10000.0;1098.0
1;26600;SQUID_INK;1870;31;;;;;1873;31;;;;;1871.5;236.03125
1;26600;RAINFOREST_RESIN;9992;29;;;;;10008;29;;;;;10000.0;1098.0
1;26600;KELP;2033;31;;;;;2036;31;;;;;2034.5;177.4609375
1;26700;KELP;2035;1;2033;34;;;2036;26;;;;;2035.5;172.15625
1;26700;SQUID_INK;1872;1;1871;8;1870;26;1873;26;;;;;1872.5;233.265625
1;26700;RAINFOREST_RESIN;9992;31;;;;;10008;31;;;;;10000.0;1098.0
1;26800;RAINFOREST_RESIN;9992;26;;;;;10008;26;;;;;10000.0;1098.0
1;26800;KELP;2033;20;;;;;2036;20;;;;;2034.5;172.59375
1;26800;SQUID_INK;1871;20;;;;;1874;20;;;;;1872.5;199.0625
1;26900;KELP;2033;22;;;;;2036;22;;;;;2034.5;168.8203125
1;26900;SQUID_INK;1874;22;;;;;1877;22;;;;;1875.5;59.953125
1;26900;RAINFOREST_RESIN;9992;35;;;;;10008;35;;;;;10000.0;1098.0
1;27000;SQUID_INK;1874;27;;;;;1876;6;1877;27;;;1875.0;51.8046875
1;27000;RAINFOREST_RESIN;9992;32;;;;;10008;32;;;;;10000.0;1098.0
1;27000;KELP;2033;27;;;;;2035;6;2036;27;;;2034.0;170.234375
1;27100;KELP;2035;1;2033;29;;;2036;29;;;;;2035.5;171.65625
1;27100;SQUID_INK;1876;1;1874;29;;;1877;29;;;;;1876.5;28.90625
1;27100;RAINFOREST_RESIN;9992;26;;;;;10008;26;;;;;10000.0;1098.0
1;27200;RAINFOREST_RESIN;9992;26;;;;;10008;26;;;;;10000.0;1098.0
1;27200;KELP;2035;1;2033;32;;;2036;25;;;;;2035.5;173.0390625
1;27200;SQUID_INK;1874;1;1873;7;1872;25;1875;25;;;;;1874.5;130.296875
1;27300;KELP;2033;24;;;;;2036;25;;;;;2034.5;174.3671875
1;27300;SQUID_INK;1872;24;;;;;1875;25;;;;;1873.5;148.9140625
1;27300;RAINFOREST_RESIN;10001;1;9992;28;;;10008;28;;;;;10004.5;1098.0
1;27400;SQUID_INK;1873;6;1872;1;1871;22;1875;23;;;;;1874.0;165.546875
1;27400;RAINFOREST_RESIN;9992;30;;;;;9997;9;10008;30;;;9994.5;1099.0
1;27400;KELP;2034;6;2033;23;;;2036;23;;;;;2035.0;177.1328125
1;27500;SQUID_INK;1873;30;;;;;1876;30;;;;;1874.5;112.78125
1;27500;KELP;2033;30;;;;;2037;30;;;;;2035.0;195.78125
1;27500;RAINFOREST_RESIN;9992;33;;;;;9998;3;10003;5;10008;33;9995.0;1123.0
1;27600;RAINFOREST_RESIN;9992;26;;;;;10008;26;;;;;10000.0;1123.0
1;27600;KELP;2036;1;2034;6;2033;28;2037;28;;;;;2036.5;195.28125
1;27600;SQUID_INK;1875;1;1873;34;;;1876;28;;;;;1875.5;91.4765625
1;27700;SQUID_INK;1873;2;1872;30;;;1876;32;;;;;1874.5;115.328125
1;27700;KELP;2033;32;;;;;2037;32;;;;;2035.0;187.5703125
1;27700;RAINFOREST_RESIN;9992;25;;;;;10008;25;;;;;10000.0;1123.0
1;27800;SQUID_INK;1873;27;;;;;1876;22;;;;;1874.5;89.984375
1;27800;RAINFOREST_RESIN;9992;29;;;;;10008;29;;;;;10000.0;1123.0
1;27800;KELP;2034;5;2033;22;;;2037;22;;;;;2035.5;196.2890625
1;27900;SQUID_INK;1876;29;;;;;1878;8;1879;29;;;1877.0;-44.265625
1;27900;KELP;2033;29;;;;;2035;8;2037;29;;;2034.0;195.390625
1;27900;RAINFOREST_RESIN;9992;25;;;;;10008;25;;;;;10000.0;1123.0
1;28000;RAINFOREST_RESIN;9992;30;;;;;10003;2;10008;30;;;9997.5;1123.0
1;28000;KELP;2034;4;2033;22;;;2037;22;;;;;2035.5;197.7421875
1;28000;SQUID_INK;1876;26;;;;;1879;22;;;;;1877.5;-43.3671875
1;28100;SQUID_INK;1877;21;;;;;1880;21;;;;;1878.5;-104.359375
1;28100;KELP;2033;21;;;;;2037;21;;;;;2035.0;196.3671875
1;28100;RAINFOREST_RESIN;10002;5;9992;35;;;10008;35;;;;;10005.0;1123.0
1;28200;SQUID_INK;1874;23;;;;;1878;23;;;;;1876.0;18.0859375
1;28200;RAINFOREST_RESIN;9992;33;;;;;10008;33;;;;;10000.0;1133.0
1;28200;KELP;2034;23;;;;;2037;23;;;;;2035.5;209.625
1;28300;SQUID_INK;1875;30;;;;;1879;30;;;;;1877.0;-27.6484375
1;28300;KELP;2034;30;;;;;2037;30;;;;;2035.5;203.078125
1;28300;RAINFOREST_RESIN;9992;28;;;;;10008;28;;;;;10000.0;1168.0
1;28400;RAINFOREST_RESIN;9992;32;;;;;10008;32;;;;;10000.0;1168.0
1;28400;KELP;2034;20;;;;;2037;20;;;;;2035.5;202.0625
1;28400;SQUID_INK;1875;20;;;;;1878;20;;;;;1876.5;-14.296875
1;28500;KELP;2034;33;;;;;2037;30;;;;;2035.5;202.890625
1;28500;SQUID_INK;1875;33;;;;;1878;30;;;;;1876.5;-4.9609375
1;28500;RAINFOREST_RESIN;9992;27;;;;;10008;27;;;;;10000.0;1168.0
1;28600;KELP;2034;1;2033;26;;;2035;5;2037;28;;;2034.5;199.1328125
1;28600;SQUID_INK;1876;27;;;;;1877;5;1879;28;;;1876.5;-67.4140625
1;28600;RAINFOREST_RESIN;9992;30;;;;;10008;30;;;;;10000.0;1168.0
1;28700;SQUID_INK;1877;23;;;;;1880;24;;;;;1878.5;-115.3359375
1;28700;RAINFOREST_RESIN;9992;31;;;;;10003;5;10008;31;;;9997.5;1168.0
1;28700;KELP;2034;1;2033;22;;;2037;24;;;;;2035.5;201.5
1;28800;RAINFOREST_RESIN;9992;33;;;;;10008;33;;;;;10000.0;1168.0
1;28800;KELP;2033;21;;;;;2037;21;;;;;2035.0;189.171875
1;28800;SQUID_INK;1877;21;;;;;1880;21;;;;;1878.5;-113.8359375
1;28900;KELP;2034;1;2033;23;;;2037;23;;;;;2035.5;190.875
1;28900;SQUID_INK;1878;24;;;;;1881;23;;;;;1879.5;-157.7265625
1;28900;RAINFOREST_RESIN;9992;29;;;;;10008;29;;;;;10000.0;1168.0
1;29000;KELP;2033;26;;;;;2037;26;;;;;2035.0;187.296875
1;29000;SQUID_INK;1878;26;;;;;1882;26;;;;;1880.0;-178.7265625
1;29000;RAINFOREST_RESIN;9992;31;;;;;10008;31;;;;;10000.0;1168.0
1;29100;SQUID_INK;1879;23;;;;;1882;23;;;;;1880.5;-210.5703125
1;29100;RAINFOREST_RESIN;10002;5;9992;32;;;10008;32;;;;;10005.0;1168.0
1;29100;KELP;2033;23;;;;;2037;23;;;;;2035.0;186.234375
1;29200;RAINFOREST_RESIN;10001;1;9992;34;;;10008;34;;;;;10004.5;1178.0
1;29200;KELP;2033;23;;;;;2037;23;;;;;2035.0;195.390625
1;29200;SQUID_INK;1880;23;;;;;1883;23;;;;;1881.5;-247.203125
1;29300;KELP;2034;23;;;;;2037;23;;;;;2035.5;203.65625
1;29300;SQUID_INK;1879;23;;;;;1882;23;;;;;1880.5;-188.171875
1;29300;RAINFOREST_RESIN;9992;25;;;;;10008;25;;;;;10000.0;1179.0
1;29400;KELP;2034;25;;;;;2037;25;;;;;2035.5;210.3125
1;29400;SQUID_INK;1880;25;;;;;1883;25;;;;;1881.5;-240.375
1;29400;RAINFOREST_RESIN;9992;34;;;;;10008;34;;;;;10000.0;1179.0
1;29500;SQUID_INK;1880;19;;;;;1883;20;;;;;1881.5;-257.796875
1;29500;RAINFOREST_RESIN;9992;30;;;;;10003;8;10008;30;;;9997.5;1214.0
1;29500;KELP;2034;19;;;;;2037;20;;;;;2035.5;211.8984375
1;29600;RAINFOREST_RESIN;9992;29;;;;;10008;29;;;;;10000.0;1214.0
1;29600;KELP;2034;27;;;;;2035;4;2037;27;;;2034.5;203.2578125
1;29600;SQUID_INK;1880;27;;;;;1881;4;1883;27;;;1880.5;-261.109375
1;29700;KELP;2034;23;;;;;2036;8;2037;23;;;2035.0;203.3671875
1;29700;SQUID_INK;1880;1;1879;22;;;1881;8;1883;23;;;1880.5;-235.4296875
1;29700;RAINFOREST_RESIN;10001;1;9992;27;;;10008;27;;;;;10004.5;1214.0
1;29800;KELP;2036;1;2034;4;2033;25;2037;25;;;;;2036.5;200.1328125
1;29800;SQUID_INK;1882;1;1880;29;;;1883;25;;;;;1882.5;-258.078125
1;29800;RAINFOREST_RESIN;9992;30;;;;;10008;30;;;;;10000.0;1215.0
1;29900;SQUID_INK;1880;32;;;;;1883;2;1884;30;;;1881.5;-274.890625
1;29900;RAINFOREST_RESIN;9992;34;;;;;10008;34;;;;;10000.0;1215.0
1;29900;KELP;2034;32;;;;;2037;32;;;;;2035.5;204.4453125
1;30000;RAINFOREST_RESIN;9992;32;;;;;9998;3;10008;32;;;9995.0;1222.0
1;30000;KELP;2034;6;2033;23;;;2037;25;;;;;2035.5;212.09375
1;30000;SQUID_INK;1881;29;;;;;1884;25;;;;;1882.5;-292.3984375
1;30100;KELP;2034;1;2033;20;;;2037;21;;;;;2035.5;214.84375
1;30100;SQUID_INK;1882;21;;;;;1885;21;;;;;1883.5;-343.8984375
1;30100;RAINFOREST_RESIN;9992;35;;;;;10008;35;;;;;10000.0;1228.0
1;30200;KELP;2034;30;;;;;2037;30;;;;;2035.5;218.6484375
1;30200;SQUID_INK;1881;30;;;;;1884;30;;;;;1882.5;-298.75
1;30200;RAINFOREST_RESIN;9992;29;;;;;10008;29;;;;;10000.0;1228.0
1;30300;SQUID_INK;1882;2;1881;29;;;1883;1;1885;31;;;1882.5;-333.421875
1;30300;RAINFOREST_RESIN;9992;30;;;;;10008;30;;;;;10000.0;1228.0
1;30300;KELP;2034;31;;;;;2036;1;2037;31;;;2035.0;220.3046875
1;30400;RAINFOREST_RESIN;9992;30;;;;;10008;30;;;;;10000.0;1228.0
1;30400;KELP;2035;5;2034;30;;;2036;3;2037;30;;;2035.5;216.390625
1;30400;SQUID_INK;1884;2;1882;30;;;1885;30;;;;;1884.5;-356.7734375
1;30500;KELP;2034;35;;;;;2037;30;;;;;2035.5;226.140625
1;30500;SQUID_INK;1882;7;1881;28;;;1885;30;;;;;1883.5;-333.5625
1;30500;RAINFOREST_RESIN;9992;33;;;;;10008;33;;;;;10000.0;1228.0
1;30600;KELP;2034;32;;;;;2036;7;2037;32;;;2035.0;220.875
1;30600;SQUID_INK;1882;32;;;;;1884;7;1885;32;;;1883.0;-351.46875
1;30600;RAINFOREST_RESIN;9992;34;;;;;10008;34;;;;;10000.0;1228.0
1;30700;SQUID_INK;1882;29;;;;;1885;29;;;;;1883.5;-357.40625
1;30700;RAINFOREST_RESIN;10000;2;9992;32;;;10008;32;;;;;10004.0;1228.0
1;30700;KELP;2034;29;;;;;2037;29;;;;;2035.5;224.5
1;30800;RAINFOREST_RESIN;9997;7;9992;26;;;10008;26;;;;;10002.5;1256.0
1;30800;KELP;2034;31;;;;;2037;31;;;;;2035.5;220.9765625
1;30800;SQUID_INK;1881;31;;;;;1884;31;;;;;1882.5;-310.484375
1;30900;KELP;2034;21;;;;;2036;7;2037;21;;;2035.0;226.9140625
1;30900;RAINFOREST_RESIN;9997;8;9992;29;;;10008;29;;;;;10002.5;1256.0
1;30900;SQUID_INK;1881;21;;;;;1883;7;1884;21;;;1882.0;-297.3984375
1;31000;KELP;2036;6;2034;28;;;2037;28;;;;;2036.5;233.8671875
1;31000;SQUID_INK;1883;6;1881;28;;;1884;28;;;;;1883.5;-308.34375
1;31000;RAINFOREST_RESIN;9992;27;;;;;10008;27;;;;;10000.0;1256.0
1;31100;RAINFOREST_RESIN;9992;28;;;;;10008;28;;;;;10000.0;1256.0
1;31100;SQUID_INK;1881;14;;;;;1884;23;;;;;1882.5;-287.2578125
1;31100;KELP;2034;14;;;;;2037;23;;;;;2035.5;230.015625
1;31200;RAINFOREST_RESIN;9992;26;;;;;10008;26;;;;;10000.0;1256.0
1;31200;KELP;2034;21;;;;;2036;8;2037;22;;;2035.0;228.40625
1;31200;SQUID_INK;1881;21;;;;;1882;8;1884;22;;;1881.5;-289.7734375
1;31300;KELP;2034;22;;;;;2037;22;;;;;2035.5;231.68359375
1;31300;RAINFOREST_RESIN;9992;30;;;;;10008;30;;;;;10000.0;1256.0
1;31300;SQUID_INK;1881;22;;;;;1884;22;;;;;1882.5;-292.953125
1;31400;KELP;2034;22;;;;;2037;22;;;;;2035.5;230.91796875
1;31400;SQUID_INK;1881;22;;;;;1884;22;;;;;1882.5;-319.0
1;31400;RAINFOREST_RESIN;9992;32;;;;;10008;32;;;;;10000.0;1256.0
1;31500;RAINFOREST_RESIN;9992;25;;;;;9998;5;10008;25;;;9995.0;1256.0
1;31500;SQUID_INK;1881;22;;;;;1885;22;;;;;1883.0;-328.859375
1;31500;KELP;2034;22;;;;;2037;22;;;;;2035.5;233.625
1;31600;RAINFOREST_RESIN;9992;28;;;;;10008;28;;;;;10000.0;1266.0
1;31600;KELP;2034;24;;;;;2037;24;;;;;2035.5;232.484375
1;31600;SQUID_INK;1882;24;;;;;1885;24;;;;;1883.5;-361.3046875
1;31700;KELP;2034;29;;;;;2038;29;;;;;2036.0;236.6015625
1;31700;RAINFOREST_RESIN;9997;8;9992;26;;;10008;26;;;;;10002.5;1266.0
1;31700;SQUID_INK;1883;29;;;;;1886;29;;;;;1884.5;-414.1796875
1;31800;KELP;2036;2;2034;24;;;2037;2;2038;22;;;2036.5;237.41015625
1;31800;SQUID_INK;1884;2;1882;24;;;1885;2;1886;22;;;1884.5;-372.90625
1;31800;RAINFOREST_RESIN;9992;30;;;;;10008;30;;;;;10000.0;1266.0
1;31900;RAINFOREST_RESIN;9992;33;;;;;10008;33;;;;;10000.0;1266.0
1;31900;SQUID_INK;1882;34;;;;;1885;28;;;;;1883.5;-363.1171875
1;31900;KELP;2034;34;;;;;2037;28;;;;;2035.5;236.19140625
1;32000;RAINFOREST_RESIN;9992;28;;;;;10008;28;;;;;10000.0;1266.0
1;32000;SQUID_INK;1883;22;;;;;1886;22;;;;;1884.5;-402.921875
1;32000;KELP;2034;22;;;;;2037;22;;;;;2035.5;235.671875
1;32100;KELP;2034;25;;;;;2038;25;;;;;2036.0;237.59765625
1;32100;RAINFOREST_RESIN;9992;25;;;;;10008;25;;;;;10000.0;1266.0
1;32100;SQUID_INK;1883;25;;;;;1887;25;;;;;1885.0;-428.796875
1;32200;SQUID_INK;1885;25;;;;;1888;1;1889;24;;;1886.5;-526.6953125
1;32200;KELP;2034;25;;;;;2037;1;2038;24;;;2035.5;238.44140625
1;32200;RAINFOREST_RESIN;9992;31;;;;;10008;31;;;;;10000.0;1266.0
1;32300;RAINFOREST_RESIN;9992;30;;;;;10008;30;;;;;10000.0;1266.0
1;32300;SQUID_INK;1885;3;1884;32;;;1887;2;1888;30;;;1886.0;-472.75
1;32300;KELP;2035;3;2034;32;;;2037;32;;;;;2036.0;233.1875
1;32400;RAINFOREST_RESIN;9992;31;;;;;10008;31;;;;;10000.0;1266.0
1;32400;SQUID_INK;1884;29;;;;;1887;29;;;;;1885.5;-460.171875
1;32400;KELP;2034;29;;;;;2037;29;;;;;2035.5;234.015625
1;32500;KELP;2035;1;2034;26;;;2038;26;;;;;2036.5;245.6171875
1;32500;RAINFOREST_RESIN;10001;1;9992;33;;;10008;33;;;;;10004.5;1266.0
1;32500;SQUID_INK;1883;27;;;;;1886;26;;;;;1884.5;-415.046875
1;32600;SQUID_INK;1883;28;;;;;1886;28;;;;;1884.5;-415.0703125
1;32600;KELP;2034;28;;;;;2038;28;;;;;2036.0;251.11328125
1;32600;RAINFOREST_RESIN;10000;5;9992;35;;;10008;35;;;;;10004.0;1267.0
1;32700;RAINFOREST_RESIN;9997;6;9992;29;;;10008;29;;;;;10002.5;1267.0
1;32700;SQUID_INK;1883;32;;;;;1886;32;;;;;1884.5;-404.90625
1;32700;KELP;2034;32;;;;;2038;32;;;;;2036.0;251.125
1;32800;RAINFOREST_RESIN;9992;31;;;;;10008;31;;;;;10000.0;1267.0
1;32800;SQUID_INK;1882;29;;;;;1886;29;;;;;1884.0;-377.8984375
1;32800;KELP;2034;29;;;;;2038;29;;;;;2036.0;249.4765625
1;32900;KELP;2034;21;;;;;2038;21;;;;;2036.0;251.8984375
1;32900;RAINFOREST_RESIN;9997;3;9992;27;;;10008;27;;;;;10002.5;1267.0
1;32900;SQUID_INK;1882;21;;;;;1885;21;;;;;1883.5;-360.8515625
1;33000;SQUID_INK;1882;28;;;;;1884;4;1885;28;;;1883.0;-355.921875
1;33000;KELP;2034;28;;;;;2036;4;2038;28;;;2035.0;251.37109375
1;33000;RAINFOREST_RESIN;9992;35;;;;;10008;35;;;;;10000.0;1267.0
1;33100;RAINFOREST_RESIN;9992;33;;;;;10008;33;;;;;10000.0;1267.0
1;33100;SQUID_INK;1882;26;;;;;1885;26;;;;;1883.5;-360.5625
1;33100;KELP;2034;26;;;;;2037;1;2038;25;;;2035.5;249.18359375
1;33200;RAINFOREST_RESIN;9992;28;;;;;10008;28;;;;;10000.0;1267.0
1;33200;SQUID_INK;1883;24;;;;;1885;5;1886;24;;;1884.0;-399.03125
1;33200;KELP;2034;24;;;;;2036;5;2037;1;2038;23;2035.0;249.890625
1;33300;KELP;2034;31;;;;;2037;31;;;;;2035.5;248.78125
1;33300;RAINFOREST_RESIN;9992;28;;;;;10008;28;;;;;10000.0;1309.0
1;33300;SQUID_INK;1883;31;;;;;1886;31;;;;;1884.5;-388.234375
1;33400;SQUID_INK;1883;20;;;;;1885;2;1886;20;;;1884.0;-419.0390625
1;33400;KELP;2034;20;;;;;2036;2;2038;20;;;2035.0;249.3125
1;33400;RAINFOREST_RESIN;10000;2;9992;29;;;10008;29;;;;;10004.0;1309.0
1;33500;RAINFOREST_RESIN;9992;34;;;;;10008;34;;;;;10000.0;1309.0
1;33500;SQUID_INK;1884;23;;;;;1887;23;;;;;1885.5;-452.5234375
1;33500;KELP;2034;23;;;;;2037;2;2038;21;;;2035.5;249.3125
1;33600;RAINFOREST_RESIN;9992;32;;;;;10008;32;;;;;10000.0;1309.0
1;33600;SQUID_INK;1884;27;;;;;1887;27;;;;;1885.5;-441.4296875
1;33600;KELP;2034;27;;;;;2038;27;;;;;2036.0;249.4921875
1;33700;KELP;2034;26;;;;;2036;6;2037;1;2038;25;2035.0;250.03125
1;33700;RAINFOREST_RESIN;9992;33;;;;;10008;33;;;;;10000.0;1309.0
1;33700;SQUID_INK;1883;26;;;;;1885;6;1886;26;;;1884.0;-404.515625
1;33800;SQUID_INK;1882;21;;;;;1885;21;;;;;1883.5;-364.796875
1;33800;KELP;2034;21;;;;;2038;21;;;;;2036.0;249.48828125
1;33800;RAINFOREST_RESIN;9992;34;;;;;10003;8;10008;34;;;9997.5;1309.0
1;33900;RAINFOREST_RESIN;9992;31;;;;;10008;31;;;;;10000.0;1309.0
1;33900;SQUID_INK;1883;1;1882;27;;;1886;28;;;;;1884.5;-381.859375
1;33900;KELP;2034;28;;;;;2037;1;2038;27;;;2035.5;250.7578125
1;34000;RAINFOREST_RESIN;9992;28;;;;;10008;28;;;;;10000.0;1309.0
1;34000;SQUID_INK;1886;1;1884;30;;;1887;30;;;;;1886.5;-468.9453125
1;34000;KELP;2036;1;2034;30;;;2038;30;;;;;2037.0;251.484375
1;34100;KELP;2034;27;;;;;2038;27;;;;;2036.0;251.39453125
1;34100;RAINFOREST_RESIN;9992;32;;;;;10008;32;;;;;10000.0;1309.0
1;34100;SQUID_INK;1884;27;;;;;1887;27;;;;;1885.5;-463.828125
1;34200;SQUID_INK;1883;32;;;;;1886;32;;;;;1884.5;-401.5703125
1;34200;KELP;2034;32;;;;;2038;32;;;;;2036.0;251.5703125
1;34200;RAINFOREST_RESIN;9992;26;;;;;10008;26;;;;;10000.0;1309.0
1;34300;RAINFOREST_RESIN;9992;34;;;;;10008;34;;;;;10000.0;1309.0
1;34300;SQUID_INK;1884;28;;;;;1887;29;;;;;1885.5;-468.515625
1;34300;KELP;2034;28;;;;;2037;1;2038;28;;;2035.5;249.29296875
1;34400;RAINFOREST_RESIN;9992;31;;;;;10008;31;;;;;10000.0;1309.0
1;34400;SQUID_INK;1884;30;;;;;1887;30;;;;;1885.5;-446.2265625
1;34400;KELP;2034;30;;;;;2037;30;;;;;2035.5;245.50390625
1;34500;KELP;2034;24;;;;;2037;24;;;;;2035.5;246.6484375
1;34500;RAINFOREST_RESIN;9992;31;;;;;9998;3;10008;31;;;9995.0;1309.0
1;34500;SQUID_INK;1884;24;;;;;1887;24;;;;;1885.5;-453.0625
1;34600;SQUID_INK;1884;24;;;;;1888;24;;;;;1886.0;-483.609375
1;34600;KELP;2034;24;;;;;2038;24;;;;;2036.0;249.41015625
1;34600;RAINFOREST_RESIN;9992;29;;;;;10003;3;10008;29;;;9997.5;1315.0
1;34700;SQUID_INK;1886;9;1885;23;;;1889;25;;;;;1887.5;-534.1171875
1;34700;KELP;2034;32;;;;;2037;25;;;;;2035.5;265.7744140625
1;34700;RAINFOREST_RESIN;9992;33;;;;;10008;33;;;;;10000.0;1315.0
1;34800;SQUID_INK;1886;14;;;;;1889;24;;;;;1887.5;-553.0625
1;34800;RAINFOREST_RESIN;9992;31;;;;;10008;31;;;;;10000.0;1315.0
1;34800;KELP;2034;14;;;;;2037;24;;;;;2035.5;265.56298828125
1;34900;KELP;2034;24;;;;;2037;24;;;;;2035.5;265.291015625
1;34900;RAINFOREST_RESIN;9992;33;;;;;10008;33;;;;;10000.0;1315.0
1;34900;SQUID_INK;1886;24;;;;;1889;24;;;;;1887.5;-559.8828125
1;35000;SQUID_INK;1887;29;;;;;1890;29;;;;;1888.5;-608.1171875
1;35000;RAINFOREST_RESIN;9992;35;;;;;10008;35;;;;;10000.0;1315.0
1;35000;KELP;2034;29;;;;;2037;29;;;;;2035.5;265.2265625
1;35100;SQUID_INK;1887;23;;;;;1890;23;;;;;1888.5;-599.296875
1;35100;KELP;2034;23;;;;;2037;23;;;;;2035.5;265.591796875
1;35100;RAINFOREST_RESIN;9992;25;;;;;9998;5;10008;25;;;9995.0;1315.0
1;35200;SQUID_INK;1887;24;;;;;1889;3;1890;24;;;1888.0;-606.3828125
1;35200;RAINFOREST_RESIN;10001;1;9992;27;;;10008;27;;;;;10004.5;1325.0
1;35200;KELP;2034;24;;;;;2036;3;2037;24;;;2035.0;265.07421875
1;35300;KELP;2034;31;;;;;2037;23;;;;;2035.5;265.3173828125
1;35300;SQUID_INK;1886;31;;;;;1889;23;;;;;1887.5;-551.8046875
1;35300;RAINFOREST_RESIN;9992;31;;;;;10008;31;;;;;10000.0;1354.0
1;35400;RAINFOREST_RESIN;9992;28;;;;;10008;28;;;;;10000.0;1354.0
1;35400;KELP;2034;27;;;;;2037;27;;;;;2035.5;264.88916015625
1;35400;SQUID_INK;1886;27;;;;;1889;27;;;;;1887.5;-555.359375
1;35500;KELP;2034;29;;;;;2037;29;;;;;2035.5;264.9814453125
1;35500;SQUID_INK;1883;29;;;;;1886;29;;;;;1884.5;-386.5625
1;35500;RAINFOREST_RESIN;9992;32;;;;;10008;32;;;;;10000.0;1354.0
1;35600;SQUID_INK;1882;24;;;;;1885;24;;;;;1883.5;-347.3203125
1;35600;RAINFOREST_RESIN;9997;2;9992;32;;;10008;32;;;;;10002.5;1361.0
1;35600;KELP;2034;24;;;;;2037;24;;;;;2035.5;265.228515625
1;35700;KELP;2034;31;;;;;2037;31;;;;;2035.5;265.47705078125
1;35700;SQUID_INK;1882;31;;;;;1886;31;;;;;1884.0;-380.0078125
1;35700;RAINFOREST_RESIN;10002;3;9992;25;;;10008;25;;;;;10005.0;1361.0
1;35800;RAINFOREST_RESIN;9997;5;9992;28;;;10008;28;;;;;10002.5;1367.0
1;35800;KELP;2034;29;;;;;2037;23;;;;;2035.5;269.2548828125
1;35800;SQUID_INK;1884;29;;;;;1887;23;;;;;1885.5;-444.5625
1;35900;KELP;2034;30;;;;;2037;30;;;;;2035.5;269.5048828125
1;35900;SQUID_INK;1882;30;;;;;1885;30;;;;;1883.5;-371.921875
1;35900;RAINFOREST_RESIN;10001;1;9992;32;;;10008;32;;;;;10004.5;1367.0
1;36000;SQUID_INK;1881;30;;;;;1882;2;1883;2;1884;30;1881.5;-312.4140625
1;36000;RAINFOREST_RESIN;9992;34;;;;;10008;34;;;;;10000.0;1368.0
1;36000;KELP;2034;30;;;;;2035;2;2036;2;2037;30;2034.5;270.986328125
1;36100;KELP;2034;23;;;;;2036;6;2037;23;;;2035.0;271.8125
1;36100;SQUID_INK;1881;23;;;;;1883;6;1884;23;;;1882.0;-295.0078125
1;36100;RAINFOREST_RESIN;9992;30;;;;;9999;1;10008;30;;;9995.5;1368.0
1;36200;RAINFOREST_RESIN;9992;26;;;;;10008;26;;;;;10000.0;1369.0
1;36200;KELP;2034;30;;;;;2037;30;;;;;2035.5;271.560546875
1;36200;SQUID_INK;1882;30;;;;;1885;30;;;;;1883.5;-365.4921875
1;36300;SQUID_INK;1885;31;;;;;1888;31;;;;;1886.5;-487.9296875
1;36300;KELP;2034;31;;;;;2037;31;;;;;2035.5;270.6455078125
1;36300;RAINFOREST_RESIN;9992;26;;;;;9998;3;10008;26;;;9995.0;1369.0
1;36400;SQUID_INK;1885;30;;;;;1888;29;;;;;1886.5;-497.4296875
1;36400;RAINFOREST_RESIN;10001;1;9992;28;;;10008;28;;;;;10004.5;1375.0
1;36400;KELP;2034;30;;;;;2037;29;;;;;2035.5;271.375
1;36500;SQUID_INK;1886;28;;;;;1889;29;;;;;1887.5;-542.2890625
1;36500;KELP;2034;28;;;;;2037;29;;;;;2035.5;270.9462890625
1;36500;RAINFOREST_RESIN;9992;29;;;;;10008;29;;;;;10000.0;1376.0
1;36600;RAINFOREST_RESIN;9992;31;;;;;9998;4;10008;31;;;9995.0;1376.0
1;36600;KELP;2034;31;;;;;2035;2;2037;31;;;2034.5;272.154296875
1;36600;SQUID_INK;1887;31;;;;;1888;2;1890;31;;;1887.5;-589.53125
1;36700;SQUID_INK;1888;22;;;;;1891;22;;;;;1889.5;-637.9375
1;36700;KELP;2034;22;;;;;2037;22;;;;;2035.5;273.30078125
1;36700;RAINFOREST_RESIN;9997;8;9992;34;;;10008;34;;;;;10002.5;1384.0
1;36800;SQUID_INK;1886;25;;;;;1889;25;;;;;1887.5;-572.203125
1;36800;RAINFOREST_RESIN;9992;26;;;;;10008;26;;;;;10000.0;1384.0
1;36800;KELP;2034;25;;;;;2037;25;;;;;2035.5;273.259765625
1;36900;SQUID_INK;1887;22;;;;;1890;22;;;;;1888.5;-613.90625
1;36900;KELP;2034;22;;;;;2037;22;;;;;2035.5;273.46337890625
1;36900;RAINFOREST_RESIN;9992;33;;;;;10008;33;;;;;10000.0;1433.0
1;37000;RAINFOREST_RESIN;9992;33;;;;;10008;33;;;;;10000.0;1433.0
1;37000;KELP;2034;22;;;;;2037;22;;;;;2035.5;273.791015625
1;37000;SQUID_INK;1887;22;;;;;1890;22;;;;;1888.5;-619.0625
1;37100;SQUID_INK;1889;5;1888;24;;;1891;24;;;;;1890.0;-644.734375
1;37100;KELP;2035;5;2033;24;;;2037;24;;;;;2036.0;274.4814453125
1;37100;RAINFOREST_RESIN;9992;33;;;;;10008;33;;;;;10000.0;1433.0
1;37200;SQUID_INK;1887;29;;;;;1890;29;;;;;1888.5;-607.125
1;37200;RAINFOREST_RESIN;9992;29;;;;;10008;29;;;;;10000.0;1447.0
1;37200;KELP;2034;2;2033;27;;;2037;29;;;;;2035.5;281.646484375
1;37300;SQUID_INK;1886;23;;;;;1888;4;1889;23;;;1887.0;-546.890625
1;37300;KELP;2033;23;;;;;2035;4;2037;23;;;2034.0;284.283203125
1;37300;RAINFOREST_RESIN;9992;30;;;;;10008;30;;;;;10000.0;1447.0
1;37400;RAINFOREST_RESIN;9992;28;;;;;10008;28;;;;;10000.0;1447.0
1;37400;KELP;2034;4;2033;22;;;2037;22;;;;;2035.5;283.775390625
1;37400;SQUID_INK;1886;4;1885;22;;;1889;22;;;;;1887.5;-528.828125
1;37500;KELP;2035;5;2033;31;;;2037;31;;;;;2036.0;283.443359375
1;37500;SQUID_INK;1888;5;1887;31;;;1890;1;1891;30;;;1889.0;-623.3515625
1;37500;RAINFOREST_RESIN;9992;32;;;;;10003;3;10008;32;;;9997.5;1454.0
1;37600;KELP;2033;25;;;;;2035;5;2037;25;;;2034.0;283.62890625
1;37600;SQUID_INK;1887;25;;;;;1889;5;1890;1;1891;24;1888.0;-624.765625
1;37600;RAINFOREST_RESIN;10001;1;9992;33;;;10008;33;;;;;10004.5;1454.0
1;37700;SQUID_INK;1885;20;;;;;1888;20;;;;;1886.5;-499.453125
1;37700;RAINFOREST_RESIN;9992;31;;;;;10000;5;10008;31;;;9996.0;1455.0
1;37700;KELP;2033;20;;;;;2037;20;;;;;2035.0;293.5126953125
1;37800;RAINFOREST_RESIN;9992;30;;;;;9998;4;10008;30;;;9995.0;1462.0
1;37800;KELP;2034;25;;;;;2037;25;;;;;2035.5;294.49609375
1;37800;SQUID_INK;1884;25;;;;;1888;25;;;;;1886.0;-477.3046875
1;37900;KELP;2034;2;2033;27;;;2037;29;;;;;2035.5;295.4375
1;37900;SQUID_INK;1883;29;;;;;1886;29;;;;;1884.5;-393.6171875
1;37900;RAINFOREST_RESIN;10001;1;9992;29;;;10008;29;;;;;10004.5;1470.0
1;38000;KELP;2034;30;;;;;2037;30;;;;;2035.5;295.80908203125
1;38000;SQUID_INK;1883;30;;;;;1886;30;;;;;1884.5;-412.3046875
1;38000;RAINFOREST_RESIN;9992;32;;;;;10008;32;;;;;10000.0;1471.0
1;38100;SQUID_INK;1882;29;;;;;1884;4;1885;1;1886;28;1883.0;-375.2109375
1;38100;RAINFOREST_RESIN;9992;28;;;;;9999;1;10008;28;;;9995.5;1471.0
1;38100;KELP;2034;29;;;;;2036;4;2037;29;;;2035.0;295.99169921875
1;38200;RAINFOREST_RESIN;9992;34;;;;;10008;34;;;;;10000.0;1472.0
1;38200;KELP;2034;31;;;;;2037;31;;;;;2035.5;295.869140625
1;38200;SQUID_INK;1884;31;;;;;1887;31;;;;;1885.5;-458.7734375
1;38300;KELP;2034;27;;;;;2037;22;;;;;2035.5;295.869140625
1;38300;SQUID_INK;1883;27;;;;;1886;22;;;;;1884.5;-409.8046875
1;38300;RAINFOREST_RESIN;9992;32;;;;;10008;32;;;;;10000.0;1472.0
1;38400;KELP;2033;31;;;;;2034;4;2037;31;;;2033.5;295.25341796875
1;38400;SQUID_INK;1882;27;;;;;1885;31;;;;;1883.5;-348.0078125
1;38400;RAINFOREST_RESIN;9992;29;;;;;10008;29;;;;;10000.0;1479.0
1;38500;SQUID_INK;1882;24;;;;;1885;24;;;;;1883.5;-360.2890625
1;38500;RAINFOREST_RESIN;9992;30;;;;;10008;30;;;;;10000.0;1479.0
1;38500;KELP;2033;24;;;;;2037;24;;;;;2035.0;299.591796875
1;38600;RAINFOREST_RESIN;9992;25;;;;;10008;25;;;;;10000.0;1528.0
1;38600;KELP;2033;31;;;;;2037;31;;;;;2035.0;299.732421875
1;38600;SQUID_INK;1883;31;;;;;1886;31;;;;;1884.5;-397.3984375
1;38700;KELP;2034;1;2033;20;;;2037;22;;;;;2035.5;300.0146484375
1;38700;SQUID_INK;1884;21;;;;;1887;2;1888;20;;;1885.5;-474.4296875
1;38700;RAINFOREST_RESIN;9992;25;;;;;10008;25;;;;;10000.0;1528.0
1;38800;KELP;2033;27;;;;;2035;2;2037;27;;;2034.0;299.541015625
1;38800;SQUID_INK;1884;27;;;;;1886;2;1887;27;;;1885.0;-451.8984375
1;38800;RAINFOREST_RESIN;9992;27;;;;;10008;27;;;;;10000.0;1528.0
1;38900;SQUID_INK;1886;25;;;;;1889;25;;;;;1887.5;-537.2265625
1;38900;RAINFOREST_RESIN;9997;4;9992;35;;;10008;35;;;;;10002.5;1528.0
1;38900;KELP;2033;25;;;;;2037;25;;;;;2035.0;299.681640625
1;39000;RAINFOREST_RESIN;9992;25;;;;;10003;6;10008;25;;;9997.5;1528.0
1;39000;KELP;2033;24;;;;;2034;3;2035;6;2037;24;2033.5;298.8193359375
1;39000;SQUID_INK;1887;24;;;;;1888;3;1889;6;1890;24;1887.5;-611.1015625
1;39100;KELP;2034;8;2033;30;;;2037;30;;;;;2035.5;302.560546875
1;39100;SQUID_INK;1888;8;1887;30;;;1890;30;;;;;1889.0;-617.796875
1;39100;RAINFOREST_RESIN;9992;30;;;;;10008;30;;;;;10000.0;1528.0
1;39200;KELP;2034;5;2033;21;;;2035;4;2037;21;;;2034.5;303.34765625
1;39200;SQUID_INK;1887;26;;;;;1888;4;1890;21;;;1887.5;-603.515625
1;39200;RAINFOREST_RESIN;9997;2;9992;30;;;10008;30;;;;;10002.5;1528.0
1;39300;SQUID_INK;1887;24;;;;;1891;24;;;;;1889.0;-625.65625
1;39300;RAINFOREST_RESIN;9992;27;;;;;10008;27;;;;;10000.0;1528.0
1;39300;KELP;2034;24;;;;;2037;24;;;;;2035.5;307.083984375
1;39400;RAINFOREST_RESIN;9992;31;;;;;10008;31;;;;;10000.0;1556.0
1;39400;KELP;2034;21;;;;;2037;21;;;;;2035.5;306.47265625
1;39400;SQUID_INK;1888;21;;;;;1891;21;;;;;1889.5;-663.96875
1;39500;KELP;2034;29;;;;;2036;3;2037;29;;;2035.0;306.931640625
1;39500;SQUID_INK;1888;29;;;;;1890;3;1891;29;;;1889.0;-643.3125
1;39500;RAINFOREST_RESIN;9992;32;;;;;10008;32;;;;;10000.0;1556.0
1;39600;SQUID_INK;1888;31;;;;;1891;31;;;;;1889.5;-652.1875
1;39600;KELP;2034;31;;;;;2037;31;;;;;2035.5;307.09765625
1;39600;RAINFOREST_RESIN;9992;35;;;;;10008;35;;;;;10000.0;1556.0
1;39700;RAINFOREST_RESIN;9992;26;;;;;10008;26;;;;;10000.0;1570.0
1;39700;SQUID_INK;1889;29;;;;;1890;6;1892;30;;;1889.5;-717.4921875
1;39700;KELP;2033;29;;;;;2035;6;2037;30;;;2034.0;304.955078125
1;39800;RAINFOREST_RESIN;9992;29;;;;;10008;29;;;;;10000.0;1570.0
1;39800;KELP;2034;2;2033;22;;;2037;24;;;;;2035.5;305.716796875
1;39800;SQUID_INK;1889;24;;;;;1892;24;;;;;1890.5;-704.6171875
1;39900;KELP;2034;29;;;;;2036;7;2037;29;;;2035.0;307.1015625
1;39900;RAINFOREST_RESIN;9992;34;;;;;10008;34;;;;;10000.0;1570.0
1;39900;SQUID_INK;1888;29;;;;;1890;7;1892;29;;;1889.0;-679.015625
1;40000;KELP;2034;26;;;;;2037;26;;;;;2035.5;306.455078125
1;40000;SQUID_INK;1889;1;1888;25;;;1892;26;;;;;1890.5;-684.0390625
1;40000;RAINFOREST_RESIN;10003;11;9992;33;;;10008;33;;;;;10005.5;1570.0
1;40100;RAINFOREST_RESIN;9992;34;;;;;10003;7;10008;34;;;9997.5;1603.0
1;40100;SQUID_INK;1889;30;;;;;1891;4;1892;30;;;1890.0;-699.0390625
1;40100;KELP;2033;30;;;;;2035;4;2037;30;;;2034.0;304.6953125
1;40200;RAINFOREST_RESIN;9992;25;;;;;10008;25;;;;;10000.0;1603.0
1;40200;KELP;2034;1;2033;24;;;2037;25;;;;;2035.5;307.625
1;40200;SQUID_INK;1888;25;;;;;1891;25;;;;;1889.5;-650.875
1;40300;KELP;2034;1;2033;29;;;2037;30;;;;;2035.5;314.06640625
1;40300;RAINFOREST_RESIN;9992;32;;;;;10008;32;;;;;10000.0;1603.0
1;40300;SQUID_INK;1888;30;;;;;1891;1;1892;29;;;1889.5;-675.3046875
1;40400;KELP;2033;25;;;;;2037;25;;;;;2035.0;310.1015625
1;40400;SQUID_INK;1888;2;1887;23;;;1891;25;;;;;1889.5;-633.1015625
1;40400;RAINFOREST_RESIN;9992;34;;;;;10008;34;;;;;10000.0;1603.0
1;40500;RAINFOREST_RESIN;9992;33;;;;;10003;7;10008;33;;;9997.5;1603.0
1;40500;SQUID_INK;1889;1;1888;21;;;1892;22;;;;;1890.5;-685.25
1;40500;KELP;2034;1;2033;21;;;2037;22;;;;;2035.5;312.87890625
1;40600;RAINFOREST_RESIN;9992;25;;;;;10008;25;;;;;10000.0;1603.0
1;40600;KELP;2033;28;;;;;2037;28;;;;;2035.0;323.0625
1;40600;SQUID_INK;1889;28;;;;;1892;28;;;;;1890.5;-715.546875
1;40700;KELP;2036;1;2034;36;;;2037;30;;;;;2036.5;324.390625
1;40700;RAINFOREST_RESIN;9992;33;;;;;10008;33;;;;;10000.0;1603.0
1;40700;SQUID_INK;1891;1;1889;36;;;1892;30;;;;;1891.5;-697.46875
1;40800;SQUID_INK;1888;21;;;;;1891;21;;;;;1889.5;-649.328125
1;40800;KELP;2034;21;;;;;2037;21;;;;;2035.5;325.322265625
1;40800;RAINFOREST_RESIN;9997;5;9992;26;;;10008;26;;;;;10002.5;1603.0
1;40900;RAINFOREST_RESIN;9992;32;;;;;10008;32;;;;;10000.0;1603.0
1;40900;SQUID_INK;1886;28;;;;;1889;25;;;;;1887.5;-559.296875
1;40900;KELP;2034;28;;;;;2037;25;;;;;2035.5;325.4140625
1;41000;RAINFOREST_RESIN;9992;30;;;;;10008;30;;;;;10000.0;1603.0
1;41000;SQUID_INK;1887;21;;;;;1888;2;1889;7;1890;21;1887.5;-607.359375
1;41000;KELP;2034;21;;;;;2035;2;2036;7;2037;21;2034.5;326.4375
1;41100;KELP;2034;25;;;;;2037;25;;;;;2035.5;325.748046875
1;41100;RAINFOREST_RESIN;9992;26;;;;;10008;26;;;;;10000.0;1638.0
1;41100;SQUID_INK;1887;2;1886;23;;;1890;25;;;;;1888.5;-583.421875
1;41200;SQUID_INK;1887;20;;;;;1890;20;;;;;1888.5;-607.1171875
1;41200;KELP;2034;20;;;;;2037;20;;;;;2035.5;328.224609375
1;41200;RAINFOREST_RESIN;9992;32;;;;;10008;32;;;;;10000.0;1638.0
1;41300;RAINFOREST_RESIN;9992;28;;;;;10008;28;;;;;10000.0;1638.0
1;41300;SQUID_INK;1888;35;;;;;1891;27;;;;;1889.5;-644.8046875
1;41300;KELP;2034;35;;;;;2037;27;;;;;2035.5;327.0
1;41400;RAINFOREST_RESIN;9992;32;;;;;10008;32;;;;;10000.0;1645.0
1;41400;SQUID_INK;1889;30;;;;;1892;30;;;;;1890.5;-697.5234375
1;41400;KELP;2034;30;;;;;2037;30;;;;;2035.5;328.373046875
1;41500;KELP;2034;38;;;;;2037;31;;;;;2035.5;329.9453125
1;41500;RAINFOREST_RESIN;9992;32;;;;;10008;32;;;;;10000.0;1645.0
1;41500;SQUID_INK;1889;38;;;;;1892;31;;;;;1890.5;-707.8125
1;41600;SQUID_INK;1890;26;;;;;1893;26;;;;;1891.5;-771.1796875
1;41600;KELP;2034;26;;;;;2037;26;;;;;2035.5;327.98046875
1;41600;RAINFOREST_RESIN;9992;31;;;;;10008;31;;;;;10000.0;1645.0
1;41700;RAINFOREST_RESIN;9992;25;;;;;9998;4;10008;25;;;9995.0;1645.0
1;41700;SQUID_INK;1892;2;1891;23;;;1894;23;;;;;1893.0;-793.421875
1;41700;KELP;2036;2;2034;23;;;2037;23;;;;;2036.5;329.548828125
1;41800;RAINFOREST_RESIN;9992;28;;;;;10008;28;;;;;10000.0;1653.0
1;41800;SQUID_INK;1892;21;;;;;1895;22;;;;;1893.5;-847.078125
1;41800;KELP;2034;21;;;;;2037;22;;;;;2035.5;331.009765625
1;41900;KELP;2034;28;;;;;2038;28;;;;;2036.0;332.125
1;41900;RAINFOREST_RESIN;9992;25;;;;;10008;25;;;;;10000.0;1653.0
1;41900;SQUID_INK;1892;28;;;;;1896;28;;;;;1894.0;-879.9375
1;42000;SQUID_INK;1893;28;;;;;1896;28;;;;;1894.5;-918.3828125
1;42000;KELP;2034;28;;;;;2037;1;2038;27;;;2035.5;332.146484375
1;42000;RAINFOREST_RESIN;9992;32;;;;;10008;32;;;;;10000.0;1653.0
1;42100;RAINFOREST_RESIN;9992;34;;;;;10008;34;;;;;10000.0;1653.0
1;42100;SQUID_INK;1894;29;;;;;1897;22;;;;;1895.5;-945.8359375
1;42100;KELP;2035;7;2034;22;;;2038;22;;;;;2036.5;332.6953125
1;42200;RAINFOREST_RESIN;9992;28;;;;;10008;28;;;;;10000.0;1653.0
1;42200;SQUID_INK;1894;22;;;;;1898;22;;;;;1896.0;-979.8984375
1;42200;KELP;2034;22;;;;;2037;22;;;;;2035.5;331.595703125
1;42300;KELP;2034;22;;;;;2037;2;2038;20;;;2035.5;332.140625
1;42300;RAINFOREST_RESIN;9992;26;;;;;10008;26;;;;;10000.0;1653.0
1;42300;SQUID_INK;1895;22;;;;;1898;22;;;;;1896.5;-1006.6328125
1;42400;SQUID_INK;1893;28;;;;;1896;28;;;;;1894.5;-888.609375
1;42400;KELP;2034;28;;;;;2037;28;;;;;2035.5;331.953125
1;42400;RAINFOREST_RESIN;9992;34;;;;;10008;34;;;;;10000.0;1653.0
1;42500;RAINFOREST_RESIN;9992;34;;;;;10008;34;;;;;10000.0;1653.0
1;42500;SQUID_INK;1892;24;;;;;1894;2;1896;24;;;1893.0;-882.2578125
1;42500;KELP;2034;24;;;;;2036;2;2037;24;;;2035.0;331.619140625
1;42600;RAINFOREST_RESIN;9992;26;;;;;9998;5;10008;26;;;9995.0;1653.0
1;42600;SQUID_INK;1894;1;1892;28;;;1895;28;;;;;1894.5;-860.0078125
1;42600;KELP;2036;1;2034;28;;;2037;28;;;;;2036.5;332.515625
1;42700;KELP;2034;24;;;;;2037;24;;;;;2035.5;332.5859375
1;42700;RAINFOREST_RESIN;9992;26;;;;;10008;26;;;;;10000.0;1663.0
1;42700;SQUID_INK;1893;1;1892;23;;;1896;24;;;;;1894.5;-882.7890625
1;42800;SQUID_INK;1893;29;;;;;1894;2;1896;29;;;1893.5;-891.4609375
1;42800;KELP;2034;29;;;;;2035;2;2038;29;;;2034.5;333.41015625
1;42800;RAINFOREST_RESIN;9992;31;;;;;10008;31;;;;;10000.0;1663.0
1;42900;RAINFOREST_RESIN;9992;33;;;;;10008;33;;;;;10000.0;1663.0
1;42900;SQUID_INK;1893;20;;;;;1897;20;;;;;1895.0;-923.5
1;42900;KELP;2034;20;;;;;2038;20;;;;;2036.0;334.939453125
1;43000;RAINFOREST_RESIN;9992;32;;;;;10008;32;;;;;10000.0;1663.0
1;43000;SQUID_INK;1894;27;;;;;1897;1;1898;26;;;1895.5;-974.0390625
1;43000;KELP;2034;27;;;;;2038;27;;;;;2036.0;335.828125
1;43100;KELP;2034;25;;;;;2037;1;2038;24;;;2035.5;335.255859375
1;43100;RAINFOREST_RESIN;9997;7;9992;29;;;10008;29;;;;;10002.5;1663.0
1;43100;SQUID_INK;1891;25;;;;;1894;25;;;;;1892.5;-793.2734375
1;43200;SQUID_INK;1891;31;;;;;1894;31;;;;;1892.5;-807.5859375
1;43200;KELP;2034;31;;;;;2038;31;;;;;2036.0;336.224609375
1;43200;RAINFOREST_RESIN;9992;25;;;;;10008;25;;;;;10000.0;1663.0
1;43300;RAINFOREST_RESIN;9992;27;;;;;10008;27;;;;;10000.0;1663.0
1;43300;SQUID_INK;1894;1;1892;20;;;1896;20;;;;;1895.0;-876.7890625
1;43300;KELP;2036;1;2034;20;;;2038;20;;;;;2037.0;336.115234375
1;43400;RAINFOREST_RESIN;9992;34;;;;;10003;8;10008;34;;;9997.5;1663.0
1;43400;SQUID_INK;1893;24;;;;;1896;24;;;;;1894.5;-897.234375
1;43400;KELP;2034;24;;;;;2038;24;;;;;2036.0;336.099609375
1;43500;KELP;2035;6;2034;25;;;2038;25;;;;;2036.5;336.5
1;43500;RAINFOREST_RESIN;9992;30;;;;;9999;1;10008;30;;;9995.5;1663.0
1;43500;SQUID_INK;1893;31;;;;;1896;25;;;;;1894.5;-891.59375
1;43600;SQUID_INK;1894;22;;;;;1896;1;1898;22;;;1895.0;-984.375
1;43600;RAINFOREST_RESIN;9997;3;9992;29;;;10008;29;;;;;10002.5;1664.0
1;43600;KELP;2034;22;;;;;2036;1;2038;22;;;2035.0;336.189453125
1;43700;SQUID_INK;1893;30;;;;;1896;30;;;;;1894.5;-905.859375
1;43700;KELP;2034;30;;;;;2038;30;;;;;2036.0;336.287109375
1;43700;RAINFOREST_RESIN;9997;5;9992;33;;;10008;33;;;;;10002.5;1664.0
1;43800;SQUID_INK;1893;23;;;;;1896;23;;;;;1894.5;-903.1484375
1;43800;RAINFOREST_RESIN;9992;31;;;;;10008;31;;;;;10000.0;1664.0
1;43800;KELP;2034;23;;;;;2038;23;;;;;2036.0;336.396484375
1;43900;KELP;2035;6;2034;26;;;2038;26;;;;;2036.5;341.9541015625
1;43900;RAINFOREST_RESIN;9992;29;;;;;10008;29;;;;;10000.0;1664.0
1;43900;SQUID_INK;1894;8;1893;24;;;1897;26;;;;;1895.5;-933.546875
1;44000;SQUID_INK;1894;27;;;;;1897;27;;;;;1895.5;-964.671875
1;44000;RAINFOREST_RESIN;9992;32;;;;;10008;32;;;;;10000.0;1664.0
1;44000;KELP;2034;27;;;;;2038;27;;;;;2036.0;343.912109375
1;44100;KELP;2034;24;;;;;2036;4;2038;24;;;2035.0;343.697265625
1;44100;SQUID_INK;1894;24;;;;;1896;4;1897;24;;;1895.0;-953.578125
1;44100;RAINFOREST_RESIN;9992;35;;;;;10008;35;;;;;10000.0;1664.0
1;44200;SQUID_INK;1894;24;;;;;1897;24;;;;;1895.5;-965.0078125
1;44200;RAINFOREST_RESIN;9992;28;;;;;10008;28;;;;;10000.0;1664.0
1;44200;KELP;2034;24;;;;;2038;24;;;;;2036.0;344.2451171875
1;44300;KELP;2035;2;2034;24;;;2038;26;;;;;2036.5;344.552734375
1;44300;SQUID_INK;1897;26;;;;;1900;26;;;;;1898.5;-1105.7265625
1;44300;RAINFOREST_RESIN;9997;8;9992;32;;;10008;32;;;;;10002.5;1664.0
1;44400;RAINFOREST_RESIN;9992;32;;;;;10003;6;10008;32;;;9997.5;1664.0
1;44400;KELP;2035;1;2034;26;;;2038;26;;;;;2036.5;344.28125
1;44400;SQUID_INK;1898;1;1897;26;;;1901;26;;;;;1899.5;-1128.5703125
1;44500;KELP;2034;30;;;;;2038;30;;;;;2036.0;344.5263671875
1;44500;SQUID_INK;1897;30;;;;;1900;30;;;;;1898.5;-1104.984375
1;44500;RAINFOREST_RESIN;9992;27;;;;;10008;27;;;;;10000.0;1664.0
1;44600;SQUID_INK;1898;22;;;;;1901;22;;;;;1899.5;-1140.296875
1;44600;RAINFOREST_RESIN;9992;33;;;;;10008;33;;;;;10000.0;1664.0
1;44600;KELP;2035;1;2034;21;;;2038;22;;;;;2036.5;344.6142578125
1;44700;KELP;2035;2;2034;25;;;2036;6;2038;27;;;2035.5;344.400390625
1;44700;SQUID_INK;1898;27;;;;;1900;6;1901;27;;;1899.0;-1167.453125
1;44700;RAINFOREST_RESIN;9992;31;;;;;10003;8;10008;31;;;9997.5;1664.0
1;44800;RAINFOREST_RESIN;9992;26;;;;;9999;1;10008;26;;;9995.5;1664.0
1;44800;KELP;2034;25;;;;;2036;3;2038;25;;;2035.0;343.79833984375
1;44800;SQUID_INK;1898;25;;;;;1900;3;1901;25;;;1899.0;-1144.40625
1;44900;KELP;2034;23;;;;;2038;23;;;;;2036.0;344.16552734375
1;44900;SQUID_INK;1898;23;;;;;1901;23;;;;;1899.5;-1148.0546875
1;44900;RAINFOREST_RESIN;10001;1;9992;27;;;10003;6;10008;27;;;10002.0;1665.0
1;45000;SQUID_INK;1899;27;;;;;1902;28;;;;;1900.5;-1186.7578125
1;45000;RAINFOREST_RESIN;9992;25;;;;;10008;25;;;;;10000.0;1666.0
1;45000;KELP;2034;28;;;;;2035;1;2038;28;;;2034.5;344.07568359375
1;45100;KELP;2034;27;;;;;2037;27;;;;;2035.5;344.06689453125
1;45100;SQUID_INK;1899;27;;;;;1902;27;;;;;1900.5;-1196.5
1;45100;RAINFOREST_RESIN;9997;6;9992;31;;;10008;31;;;;;10002.5;1666.0
1;45200;RAINFOREST_RESIN;9992;28;;;;;10008;28;;;;;10000.0;1666.0
1;45200;KELP;2034;20;;;;;2037;21;;;;;2035.5;343.6484375
1;45200;SQUID_INK;1899;20;;;;;1902;21;;;;;1900.5;-1209.7109375
1;45300;SQUID_INK;1900;22;;;;;1903;23;;;;;1901.5;-1238.9453125
1;45300;KELP;2034;22;;;;;2037;23;;;;;2035.5;343.7646484375
1;45300;RAINFOREST_RESIN;9997;7;9992;34;;;10008;34;;;;;10002.5;1666.0
1;45400;SQUID_INK;1900;25;;;;;1904;25;;;;;1902.0;-1273.5703125
1;45400;RAINFOREST_RESIN;9992;28;;;;;9999;1;10008;28;;;9995.5;1666.0
1;45400;KELP;2034;25;;;;;2037;25;;;;;2035.5;343.72412109375
1;45500;SQUID_INK;1900;21;;;;;1901;3;1903;1;1904;20;1900.5;-1274.5546875
1;45500;KELP;2034;18;;;;;2037;21;;;;;2035.5;343.3310546875
1;45500;RAINFOREST_RESIN;9992;30;;;;;10008;30;;;;;10000.0;1667.0
1;45600;RAINFOREST_RESIN;9992;28;;;;;10008;28;;;;;10000.0;1667.0
1;45600;KELP;2034;24;;;;;2036;6;2037;24;;;2035.0;343.419921875
1;45600;SQUID_INK;1900;24;;;;;1902;6;1903;1;1904;23;1901.0;-1275.3046875
1;45700;SQUID_INK;1902;23;;;;;1905;23;;;;;1903.5;-1340.1171875
1;45700;KELP;2034;23;;;;;2037;23;;;;;2035.5;343.05517578125
1;45700;RAINFOREST_RESIN;9992;29;;;;;10008;29;;;;;10000.0;1667.0
1;45800;SQUID_INK;1901;5;1900;32;;;1903;32;;;;;1902.0;-1260.65625
1;45800;RAINFOREST_RESIN;9992;30;;;;;10008;30;;;;;10000.0;1667.0
1;45800;KELP;2035;5;2034;32;;;2037;32;;;;;2036.0;342.55908203125
1;45900;SQUID_INK;1899;25;;;;;1902;26;;;;;1900.5;-1203.90625
1;45900;KELP;2034;25;;;;;2037;26;;;;;2035.5;342.802734375
1;45900;RAINFOREST_RESIN;9992;34;;;;;10008;34;;;;;10000.0;1723.0
1;46000;RAINFOREST_RESIN;9992;34;;;;;10008;34;;;;;10000.0;1723.0
1;46000;KELP;2034;23;;;;;2037;23;;;;;2035.5;342.5625
1;46000;SQUID_INK;1900;23;;;;;1903;23;;;;;1901.5;-1240.3828125
1;46100;SQUID_INK;1901;4;1900;25;;;1903;25;;;;;1902.0;-1271.453125
1;46100;KELP;2034;29;;;;;2037;25;;;;;2035.5;342.60498046875
1;46100;RAINFOREST_RESIN;9992;30;;;;;10008;30;;;;;10000.0;1723.0
1;46200;SQUID_INK;1899;28;;;;;1902;24;;;;;1900.5;-1196.0078125
1;46200;RAINFOREST_RESIN;9992;25;;;;;10008;25;;;;;10000.0;1723.0
1;46200;KELP;2034;28;;;;;2037;24;;;;;2035.5;342.1982421875
1;46300;SQUID_INK;1898;28;;;;;1901;28;;;;;1899.5;-1145.3046875
1;46300;RAINFOREST_RESIN;9992;25;;;;;10008;25;;;;;10000.0;1723.0
1;46300;KELP;2034;28;;;;;2037;28;;;;;2035.5;342.36181640625
1;46400;RAINFOREST_RESIN;9992;28;;;;;10008;28;;;;;10000.0;1723.0
1;46400;KELP;2036;1;2034;24;;;2037;24;;;;;2036.5;342.56103515625
1;46400;SQUID_INK;1900;1;1898;24;;;1901;24;;;;;1900.5;-1145.5703125
1;46500;KELP;2036;2;2034;30;;;2037;30;;;;;2036.5;343.56591796875
1;46500;SQUID_INK;1898;2;1896;30;;;1899;30;;;;;1898.5;-1071.546875
1;46500;RAINFOREST_RESIN;9997;7;9992;34;;;10008;34;;;;;10002.5;1723.0
1;46600;KELP;2036;1;2034;32;;;2037;28;;;;;2036.5;344.5947265625
1;46600;SQUID_INK;1898;1;1896;32;;;1899;28;;;;;1898.5;-1039.2734375
1;46600;RAINFOREST_RESIN;9992;33;;;;;10008;33;;;;;10000.0;1723.0
1;46700;SQUID_INK;1894;30;;;;;1897;1;1898;29;;;1895.5;-973.796875
1;46700;RAINFOREST_RESIN;9992;35;;;;;10003;5;10008;35;;;9997.5;1723.0
1;46700;KELP;2034;30;;;;;2037;30;;;;;2035.5;345.0
1;46800;RAINFOREST_RESIN;9992;34;;;;;10008;34;;;;;10000.0;1723.0
1;46800;KELP;2034;25;;;;;2037;25;;;;;2035.5;345.0
1;46800;SQUID_INK;1894;25;;;;;1897;25;;;;;1895.5;-963.28125
1;46900;KELP;2034;20;;;;;2037;30;;;;;2035.5;345.0
1;46900;SQUID_INK;1895;20;;;;;1898;30;;;;;1896.5;-1004.8046875
1;46900;RAINFOREST_RESIN;9992;32;;;;;10008;32;;;;;10000.0;1723.0
1;47000;KELP;2034;23;;;;;2037;23;;;;;2035.5;345.0
1;47000;SQUID_INK;1895;1;1894;22;;;1898;23;;;;;1896.5;-981.4921875
1;47000;RAINFOREST_RESIN;10002;3;9992;33;;;10008;33;;;;;10005.0;1723.0
1;47100;SQUID_INK;1894;22;;;;;1897;22;;;;;1895.5;-966.9609375
1;47100;RAINFOREST_RESIN;9992;26;;;;;10008;26;;;;;10000.0;1729.0
1;47100;KELP;2034;22;;;;;2037;22;;;;;2035.5;345.0
1;47200;RAINFOREST_RESIN;9992;25;;;;;10003;8;10008;25;;;9997.5;1729.0
1;47200;KELP;2036;1;2034;23;;;2037;23;;;;;2036.5;345.0
1;47200;SQUID_INK;1896;1;1894;23;;;1897;23;;;;;1896.5;-944.03125
1;47300;KELP;2034;26;;;;;2037;21;;;;;2035.5;345.262451171875
1;47300;SQUID_INK;1894;5;1893;21;;;1897;21;;;;;1895.5;-927.7734375
1;47300;RAINFOREST_RESIN;9992;29;;;;;10000;3;10008;29;;;9996.0;1729.0
1;47400;KELP;2036;5;2034;22;;;2037;22;;;;;2036.5;345.3443603515625
1;47400;SQUID_INK;1894;5;1892;22;;;1896;22;;;;;1895.0;-882.7734375
1;47400;RAINFOREST_RESIN;10002;4;9992;35;;;10008;35;;;;;10005.0;1729.0
1;47500;SQUID_INK;1892;22;;;;;1894;5;1895;22;;;1893.0;-864.8203125
1;47500;RAINFOREST_RESIN;9992;33;;;;;10008;33;;;;;10000.0;1737.0
1;47500;KELP;2034;22;;;;;2036;5;2037;22;;;2035.0;346.94140625
1;47600;RAINFOREST_RESIN;9992;27;;;;;10008;27;;;;;10000.0;1737.0
1;47600;KELP;2034;21;;;;;2038;21;;;;;2036.0;345.4228515625
1;47600;SQUID_INK;1892;21;;;;;1895;21;;;;;1893.5;-863.53125
1;47700;KELP;2034;23;;;;;2036;4;2038;23;;;2035.0;346.09375
1;47700;SQUID_INK;1893;23;;;;;1895;4;1896;23;;;1894.0;-902.734375
1;47700;RAINFOREST_RESIN;9992;29;;;;;10008;29;;;;;10000.0;1737.0
1;47800;KELP;2034;20;;;;;2036;7;2038;20;;;2035.0;354.716796875
1;47800;SQUID_INK;1893;20;;;;;1895;7;1897;20;;;1894.0;-922.90625
1;47800;RAINFOREST_RESIN;9992;34;;;;;10008;34;;;;;10000.0;1737.0
1;47900;SQUID_INK;1893;23;;;;;1897;23;;;;;1895.0;-926.78125
1;47900;RAINFOREST_RESIN;9992;35;;;;;10008;35;;;;;10000.0;1737.0
1;47900;KELP;2034;23;;;;;2038;23;;;;;2036.0;354.79931640625
1;48000;RAINFOREST_RESIN;9992;33;;;;;10008;33;;;;;10000.0;1737.0
1;48000;KELP;2034;27;;;;;2038;27;;;;;2036.0;354.96240234375
1;48000;SQUID_INK;1893;27;;;;;1896;27;;;;;1894.5;-909.65625
1;48100;KELP;2034;30;;;;;2036;1;2038;30;;;2035.0;355.20849609375
1;48100;SQUID_INK;1895;30;;;;;1897;1;1898;30;;;1896.0;-1010.0
1;48100;RAINFOREST_RESIN;9992;28;;;;;10008;28;;;;;10000.0;1744.0
1;48200;KELP;2035;1;2034;27;;;2038;27;;;;;2036.5;355.41162109375
1;48200;SQUID_INK;1897;2;1896;26;;;1900;27;;;;;1898.5;-1083.2734375
1;48200;RAINFOREST_RESIN;10001;1;9992;32;;;10008;32;;;;;10004.5;1800.0
1;48300;SQUID_INK;1896;17;;;;;1899;21;;;;;1897.5;-1041.890625
1;48300;RAINFOREST_RESIN;10002;5;9992;34;;;10008;34;;;;;10005.0;1801.0
1;48300;KELP;2034;21;;;;;2035;4;2038;21;;;2034.5;354.76416015625
1;48400;RAINFOREST_RESIN;10001;1;9992;33;;;10003;7;10008;33;;;10002.0;1811.0
1;48400;KELP;2034;32;;;;;2036;6;2037;2;2038;30;2035.0;357.5419921875
1;48400;SQUID_INK;1897;32;;;;;1899;6;1900;32;;;1898.0;-1099.171875
1;48500;KELP;2034;29;;;;;2037;29;;;;;2035.5;356.9697265625
1;48500;RAINFOREST_RESIN;10001;1;9992;30;;;10008;30;;;;;10004.5;1812.0
1;48500;SQUID_INK;1897;29;;;;;1901;29;;;;;1899.0;-1130.7890625
1;48600;KELP;2034;27;;;;;2037;1;2038;26;;;2035.5;357.7138671875
1;48600;SQUID_INK;1896;27;;;;;1899;27;;;;;1897.5;-1065.1171875
1;48600;RAINFOREST_RESIN;10001;1;9992;26;;;10008;26;;;;;10004.5;1813.0
1;48700;RAINFOREST_RESIN;9992;35;;;;;10008;35;;;;;10000.0;1814.0
1;48700;SQUID_INK;1896;23;;;;;1897;2;1899;23;;;1896.5;-1070.46875
1;48700;KELP;2034;23;;;;;2035;2;2037;23;;;2034.5;356.740234375
1;48800;RAINFOREST_RESIN;9992;25;;;;;10008;25;;;;;10000.0;1814.0
1;48800;KELP;2034;29;;;;;2037;29;;;;;2035.5;358.458984375
1;48800;SQUID_INK;1896;1;1895;28;;;1899;29;;;;;1897.5;-1033.15625
1;48900;KELP;2034;21;;;;;2037;22;;;;;2035.5;358.5703125
1;48900;RAINFOREST_RESIN;9992;33;;;;;10008;33;;;;;10000.0;1814.0
1;48900;SQUID_INK;1896;21;;;;;1899;22;;;;;1897.5;-1064.90625
1;49000;KELP;2034;29;;;;;2037;29;;;;;2035.5;358.5703125
1;49000;SQUID_INK;1896;29;;;;;1899;29;;;;;1897.5;-1064.6796875
1;49000;RAINFOREST_RESIN;9992;30;;;;;10008;30;;;;;10000.0;1814.0
1;49100;RAINFOREST_RESIN;9992;31;;;;;10008;31;;;;;10000.0;1814.0
1;49100;SQUID_INK;1895;30;;;;;1898;30;;;;;1896.5;-1012.140625
1;49100;KELP;2034;30;;;;;2037;30;;;;;2035.5;358.66796875
1;49200;RAINFOREST_RESIN;9992;26;;;;;10008;26;;;;;10000.0;1814.0
1;49200;KELP;2034;26;;;;;2037;26;;;;;2035.5;358.77734375
1;49200;SQUID_INK;1895;26;;;;;1898;26;;;;;1896.5;-987.328125
1;49300;KELP;2035;6;2034;29;;;2038;29;;;;;2036.5;359.287109375
1;49300;RAINFOREST_RESIN;9992;30;;;;;10008;30;;;;;10000.0;1821.0
1;49300;SQUID_INK;1894;35;;;;;1897;29;;;;;1895.5;-939.3515625
1;49400;KELP;2034;23;;;;;2037;1;2038;22;;;2035.5;358.884765625
1;49400;SQUID_INK;1891;23;;;;;1895;23;;;;;1893.0;-827.5625
1;49400;RAINFOREST_RESIN;9992;27;;;;;10008;27;;;;;10000.0;1821.0
1;49500;RAINFOREST_RESIN;9992;26;;;;;10008;26;;;;;10000.0;1821.0
1;49500;SQUID_INK;1892;25;;;;;1895;25;;;;;1893.5;-837.6875
1;49500;KELP;2034;25;;;;;2037;25;;;;;2035.5;358.77734375
1;49600;RAINFOREST_RESIN;9992;32;;;;;10000;2;10008;32;;;9996.0;1821.0
1;49600;SQUID_INK;1891;2;1890;28;;;1892;3;1894;30;;;1891.5;-784.609375
1;49600;KELP;2034;30;;;;;2035;3;2038;30;;;2034.5;360.95703125
1;49700;KELP;2036;1;2035;6;2034;21;2038;21;;;;;2037.0;363.546875
1;49700;RAINFOREST_RESIN;9992;28;;;;;10008;28;;;;;10000.0;1821.0
1;49700;SQUID_INK;1892;1;1890;27;;;1893;21;;;;;1892.5;-742.3203125
1;49800;SQUID_INK;1890;19;;;;;1893;20;;;;;1891.5;-738.4296875
1;49800;KELP;2034;19;;;;;2038;20;;;;;2036.0;363.5859375
1;49800;RAINFOREST_RESIN;9992;29;;;;;10008;29;;;;;10000.0;1821.0
1;49900;RAINFOREST_RESIN;9992;34;;;;;10008;34;;;;;10000.0;1849.0
1;49900;SQUID_INK;1891;5;1890;24;;;1894;24;;;;;1892.5;-780.3125
1;49900;KELP;2035;5;2034;24;;;2038;24;;;;;2036.5;364.400390625
1;50000;RAINFOREST_RESIN;9992;35;;;;;10008;35;;;;;10000.0;1849.0
1;50000;SQUID_INK;1892;26;;;;;1895;26;;;;;1893.5;-848.3046875
1;50000;KELP;2034;26;;;;;2038;26;;;;;2036.0;364.7265625
1;50100;KELP;2034;24;;;;;2038;24;;;;;2036.0;365.509765625
1;50100;RAINFOREST_RESIN;9992;26;;;;;10000;5;10008;26;;;9996.0;1891.0
1;50100;SQUID_INK;1891;24;;;;;1894;24;;;;;1892.5;-816.5859375
1;50200;SQUID_INK;1892;29;;;;;1895;29;;;;;1893.5;-842.15625
1;50200;KELP;2035;1;2034;28;;;2038;29;;;;;2036.5;367.353515625
1;50200;RAINFOREST_RESIN;9992;34;;;;;10008;34;;;;;10000.0;1891.0
1;50300;RAINFOREST_RESIN;9992;25;;;;;10008;25;;;;;10000.0;1891.0
1;50300;SQUID_INK;1890;23;;;;;1892;4;1894;23;;;1891.0;-777.0
1;50300;KELP;2034;23;;;;;2037;4;2038;23;;;2035.5;367.240234375
1;50400;RAINFOREST_RESIN;9992;27;;;;;10003;3;10008;27;;;9997.5;1891.0
1;50400;SQUID_INK;1890;22;;;;;1893;23;;;;;1891.5;-754.734375
1;50400;KELP;2035;1;2034;21;;;2038;23;;;;;2036.5;367.125
1;50500;KELP;2036;4;2035;28;;;2038;28;;;;;2037.0;367.583984375
1;50500;RAINFOREST_RESIN;9992;27;;;;;10008;27;;;;;10000.0;1891.0
1;50500;SQUID_INK;1892;4;1891;28;;;1894;28;;;;;1893.0;-788.8984375
1;50600;SQUID_INK;1893;24;;;;;1894;4;1896;24;;;1893.5;-909.34375
1;50600;KELP;2034;24;;;;;2036;4;2038;24;;;2035.0;366.1015625
1;50600;RAINFOREST_RESIN;10002;3;9992;28;;;10008;28;;;;;10005.0;1891.0
1;50700;RAINFOREST_RESIN;9992;35;;;;;9999;1;10008;35;;;9995.5;1897.0
1;50700;SQUID_INK;1892;20;;;;;1896;20;;;;;1894.0;-877.1015625
1;50700;KELP;2034;20;;;;;2038;20;;;;;2036.0;366.54296875
1;50800;RAINFOREST_RESIN;9992;29;;;;;10008;29;;;;;10000.0;1898.0
1;50800;SQUID_INK;1893;28;;;;;1896;28;;;;;1894.5;-907.7109375
1;50800;KELP;2035;2;2034;26;;;2038;28;;;;;2036.5;367.1171875
1;50900;KELP;2035;29;;;;;2036;5;2038;30;;;2035.5;368.5625
1;50900;RAINFOREST_RESIN;9992;35;;;;;10008;35;;;;;10000.0;1898.0
1;50900;SQUID_INK;1892;29;;;;;1893;5;1895;30;;;1892.5;-865.1484375
1;51000;SQUID_INK;1894;25;;;;;1897;25;;;;;1895.5;-953.6328125
1;51000;KELP;2035;25;;;;;2038;25;;;;;2036.5;368.708984375
1;51000;RAINFOREST_RESIN;9992;28;;;;;10008;28;;;;;10000.0;1898.0
1;51100;RAINFOREST_RESIN;9992;31;;;;;10008;31;;;;;10000.0;1898.0
1;51100;SQUID_INK;1894;3;1893;29;;;1896;29;;;;;1895.0;-920.7265625
1;51100;KELP;2035;3;2034;29;;;2038;29;;;;;2036.5;365.927734375
1;51200;RAINFOREST_RESIN;9992;32;;;;;10008;32;;;;;10000.0;1898.0
1;51200;SQUID_INK;1894;30;;;;;1898;30;;;;;1896.0;-975.03125
1;51200;KELP;2034;30;;;;;2038;30;;;;;2036.0;366.408203125
1;51300;KELP;2034;25;;;;;2038;25;;;;;2036.0;366.755859375
1;51300;RAINFOREST_RESIN;9992;30;;;;;10008;30;;;;;10000.0;1898.0
1;51300;SQUID_INK;1894;25;;;;;1897;25;;;;;1895.5;-970.1796875
1;51400;SQUID_INK;1895;23;;;;;1896;5;1898;23;;;1895.5;-988.984375
1;51400;KELP;2034;23;;;;;2036;5;2038;23;;;2035.0;366.125
1;51400;RAINFOREST_RESIN;9992;34;;;;;10008;34;;;;;10000.0;1898.0
1;51500;RAINFOREST_RESIN;9992;25;;;;;10008;25;;;;;10000.0;1898.0
1;51500;SQUID_INK;1895;21;;;;;1898;21;;;;;1896.5;-987.71875
1;51500;KELP;2034;21;;;;;2038;21;;;;;2036.0;366.125
1;51600;RAINFOREST_RESIN;9992;27;;;;;10008;27;;;;;10000.0;1954.0
1;51600;SQUID_INK;1897;3;1895;23;;;1898;23;;;;;1897.5;-1007.6484375
1;51600;KELP;2036;3;2034;23;;;2038;23;;;;;2037.0;372.55078125
1;51700;KELP;2035;2;2034;30;;;2038;32;;;;;2036.5;372.83984375
1;51700;RAINFOREST_RESIN;9992;26;;;;;10008;26;;;;;10000.0;1954.0
1;51700;SQUID_INK;1896;32;;;;;1899;32;;;;;1897.5;-1059.0078125
1;51800;SQUID_INK;1896;25;;;;;1899;25;;;;;1897.5;-1059.3984375
1;51800;KELP;2034;25;;;;;2038;25;;;;;2036.0;373.54296875
1;51800;RAINFOREST_RESIN;9992;33;;;;;10008;33;;;;;10000.0;1954.0
1;51900;RAINFOREST_RESIN;9992;31;;;;;10008;31;;;;;10000.0;1954.0
1;51900;SQUID_INK;1897;28;;;;;1900;28;;;;;1898.5;-1112.4609375
1;51900;KELP;2035;2;2034;26;;;2038;28;;;;;2036.5;373.68359375
1;52000;RAINFOREST_RESIN;9992;25;;;;;10008;25;;;;;10000.0;1954.0
1;52000;SQUID_INK;1898;26;;;;;1899;5;1901;21;;;1898.5;-1146.390625
1;52000;KELP;2035;5;2034;21;;;2036;5;2038;21;;;2035.5;372.7109375
1;52100;KELP;2035;1;2034;27;;;2038;28;;;;;2036.5;374.50390625
1;52100;RAINFOREST_RESIN;9992;26;;;;;10008;26;;;;;10000.0;1954.0
1;52100;SQUID_INK;1898;28;;;;;1901;28;;;;;1899.5;-1139.25
1;52200;SQUID_INK;1897;22;;;;;1900;23;;;;;1898.5;-1100.890625
1;52200;KELP;2035;22;;;;;2038;23;;;;;2036.5;375.65625
1;52200;RAINFOREST_RESIN;10002;3;9997;7;9992;35;10008;35;;;;;10005.0;1954.0
1;52300;RAINFOREST_RESIN;9992;33;;;;;10003;7;10008;33;;;9997.5;1960.0
1;52300;SQUID_INK;1898;30;;;;;1901;30;;;;;1899.5;-1159.7421875
1;52300;KELP;2035;30;;;;;2038;30;;;;;2036.5;377.625
1;52400;RAINFOREST_RESIN;10003;7;9992;27;;;10008;27;;;;;10005.5;1960.0
1;52400;SQUID_INK;1898;2;1897;20;;;1899;4;1901;21;;;1898.5;-1132.0390625
1;52400;KELP;2035;22;;;;;2036;4;2038;21;;;2035.5;375.33203125
1;52500;KELP;2035;27;;;;;2038;27;;;;;2036.5;378.5703125
1;52500;RAINFOREST_RESIN;9992;31;;;;;10008;31;;;;;10000.0;1981.0
1;52500;SQUID_INK;1897;27;;;;;1900;27;;;;;1898.5;-1119.015625
1;52600;SQUID_INK;1897;31;;;;;1900;31;;;;;1898.5;-1091.5703125
1;52600;RAINFOREST_RESIN;9992;28;;;;;10008;28;;;;;10000.0;1981.0
1;52600;KELP;2035;31;;;;;2038;31;;;;;2036.5;379.46484375
1;52700;SQUID_INK;1899;1;1897;25;;;1900;25;;;;;1899.5;-1114.2421875
1;52700;KELP;2037;1;2035;25;;;2038;25;;;;;2037.5;380.21875
1;52700;RAINFOREST_RESIN;9992;30;;;;;10008;30;;;;;10000.0;1981.0
1;52800;SQUID_INK;1900;1;1898;28;;;1901;28;;;;;1900.5;-1141.2265625
1;52800;RAINFOREST_RESIN;9992;33;;;;;10008;33;;;;;10000.0;1981.0
1;52800;KELP;2037;1;2035;28;;;2038;28;;;;;2037.5;380.81640625
1;52900;KELP;2035;27;;;;;2038;27;;;;;2036.5;377.94921875
1;52900;RAINFOREST_RESIN;9992;35;;;;;10008;35;;;;;10000.0;1981.0
1;52900;SQUID_INK;1898;27;;;;;1901;27;;;;;1899.5;-1149.9921875
1;53000;RAINFOREST_RESIN;9992;31;;;;;10008;31;;;;;10000.0;1981.0
1;53000;KELP;2035;30;;;;;2038;30;;;;;2036.5;379.89453125
1;53000;SQUID_INK;1897;30;;;;;1901;30;;;;;1899.0;-1128.953125
1;53100;KELP;2035;23;;;;;2038;23;;;;;2036.5;379.27734375
1;53100;SQUID_INK;1896;23;;;;;1899;23;;;;;1897.5;-1065.734375
1;53100;RAINFOREST_RESIN;9992;30;;;;;10008;30;;;;;10000.0;1981.0
1;53200;SQUID_INK;1897;1;1895;23;;;1899;23;;;;;1898.0;-1029.4296875
1;53200;RAINFOREST_RESIN;9992;33;;;;;10008;33;;;;;10000.0;1981.0
1;53200;KELP;2037;1;2035;23;;;2038;23;;;;;2037.5;380.9921875
1;53300;KELP;2035;20;;;;;2038;20;;;;;2036.5;383.6171875
1;53300;SQUID_INK;1896;20;;;;;1899;20;;;;;1897.5;-1062.84375
1;53300;RAINFOREST_RESIN;9992;29;;;;;10008;29;;;;;10000.0;1981.0
1;53400;RAINFOREST_RESIN;9992;29;;;;;9998;3;10008;29;;;9995.0;1981.0
1;53400;KELP;2035;39;;;;;2038;32;;;;;2036.5;395.0546875
1;53400;SQUID_INK;1896;39;;;;;1899;32;;;;;1897.5;-1042.09375
1;53500;KELP;2035;25;;;;;2037;2;2038;25;;;2036.0;394.07421875
1;53500;SQUID_INK;1896;25;;;;;1898;2;1900;25;;;1897.0;-1079.65625
1;53500;RAINFOREST_RESIN;9992;32;;;;;10008;32;;;;;10000.0;1987.0
1;53600;SQUID_INK;1896;23;;;;;1899;23;;;;;1897.5;-1050.8359375
