day;timestamp;product;bid_price_1;bid_volume_1;bid_price_2;bid_volume_2;bid_price_3;bid_volume_3;ask_price_1;ask_volume_1;ask_price_2;ask_volume_2;ask_price_3;ask_volume_3;mid_price;profit_and_loss
-1;0;RAINFOREST_RESIN;10002;0;9996;2;9995;29;10004;-2;10005;-29;;;10003.0;-7.5
-1;0;KELP;2028;0;2026;2;2025;29;2029;-31;;;;;2028.5;-7.5
-1;100;RAINFOREST_RESIN;9996;2;9995;22;;;10004;-2;10005;-22;;;10000.0;28.5
-1;100;KELP;2025;24;;;;;2028;-2;2029;-22;;;2026.5;28.5
-1;200;RAINFOREST_RESIN;9995;20;;;;;10005;-20;;;;;10000.0;28.5
-1;200;KELP;2025;22;;;;;2028;-20;;;;;2026.5;28.5
-1;300;RAINFOREST_RESIN;9996;2;9995;29;;;10004;-2;10005;-29;;;10000.0;28.5
-1;300;KELP;2025;31;;;;;2028;-2;2029;-29;;;2026.5;28.5
-1;400;RAINFOREST_RESIN;9996;2;9995;25;;;10004;-2;10005;-25;;;10000.0;28.5
-1;400;KELP;2025;27;;;;;2028;-27;;;;;2026.5;28.5
-1;500;RAINFOREST_RESIN;9995;30;;;;;10002;-4;10005;-30;;;9998.5;31.5
-1;500;KELP;2025;30;;;;;2028;-30;;;;;2026.5;31.5
-1;600;RAINFOREST_RESIN;10000;0;9995;25;;;10005;-25;;;;;10002.5;-1.5
-1;600;KELP;2026;0;2025;31;;;2028;-25;;;;;2027.0;-1.5
-1;700;RAINFOREST_RESIN;9995;23;;;;;10005;-23;;;;;10000.0;26.0
-1;700;KELP;2025;2;2024;23;;;2028;-23;;;;;2026.5;26.0
-1;800;RAINFOREST_RESIN;9996;1;9995;29;;;10004;-1;10005;-29;;;10000.0;46.0
-1;800;KELP;2024;1;2023;29;;;2027;-30;;;;;2025.5;46.0
-1;900;RAINFOREST_RESIN;9996;1;9995;22;;;10004;-1;10005;-22;;;10000.0;46.0
-1;900;KELP;2024;23;;;;;2027;-23;;;;;2025.5;46.0
-1;1000;RAINFOREST_RESIN;9995;26;;;;;10005;-26;;;;;10000.0;50.0
-1;1000;KELP;2024;26;;;;;2026;-12;2027;-26;;;2025.0;50.0
-1;1100;RAINFOREST_RESIN;9996;2;9995;24;;;10004;-2;10005;-24;;;10000.0;44.0
-1;1100;KELP;2025;6;2024;26;;;2027;-2;2028;-24;;;2026.0;44.0
-1;1200;RAINFOREST_RESIN;9995;21;;;;;9998;-2;10005;-21;;;9996.5;66.0
-1;1200;KELP;2024;21;;;;;2026;-16;2028;-21;;;2025.0;66.0
-1;1300;RAINFOREST_RESIN;10002;0;9996;1;9995;30;10004;-1;10005;-30;;;10003.0;33.0
-1;1300;KELP;2024;31;;;;;2028;-31;;;;;2026.0;33.0
-1;1400;RAINFOREST_RESIN;9996;1;9995;25;;;10004;-1;10005;-25;;;10000.0;45.0
-1;1400;KELP;2025;3;2024;25;;;2028;-26;;;;;2026.5;45.0
-1;1500;RAINFOREST_RESIN;9995;27;;;;;10005;-27;;;;;10000.0;48.0
-1;1500;KELP;2024;27;;;;;2028;-27;;;;;2026.0;48.0
-1;1600;RAINFOREST_RESIN;9995;29;;;;;10005;-29;;;;;10000.0;50.0
-1;1600;KELP;2024;29;;;;;2026;-8;2028;-29;;;2025.0;50.0
-1;1700;RAINFOREST_RESIN;9996;2;9995;20;;;10002;-1;10004;-2;10005;-20;9999.0;47.0
-1;1700;KELP;2024;22;;;;;2026;-16;2028;-22;;;2025.0;47.0
-1;1800;RAINFOREST_RESIN;10002;0;9996;1;9995;22;10004;-1;10005;-22;;;10003.0;32.0
-1;1800;KELP;2024;23;;;;;2028;-23;;;;;2026.0;32.0
-1;1900;RAINFOREST_RESIN;9996;1;9995;28;;;10004;-1;10005;-28;;;10000.0;40.0
-1;1900;KELP;2024;29;;;;;2026;-10;2027;-29;;;2025.0;40.0
-1;2000;RAINFOREST_RESIN;9996;2;9995;24;;;9998;-2;10004;-2;10005;-24;9997.0;62.0
-1;2000;KELP;2024;26;;;;;2027;-26;;;;;2025.5;62.0
-1;2100;RAINFOREST_RESIN;9996;2;9995;25;;;10002;-3;10004;-2;10005;-25;9999.0;52.0
-1;2100;KELP;2024;27;;;;;2027;-2;2028;-25;;;2025.5;52.0
-1;2200;RAINFOREST_RESIN;9998;8;9996;1;9995;24;10004;-1;10005;-24;;;10001.0;30.0
-1;2200;KELP;2024;25;;;;;2026;-14;2027;-1;2028;-24;2025.0;30.0
-1;2300;RAINFOREST_RESIN;9998;7;9996;2;9995;30;10004;-2;10005;-30;;;10001.0;47.0
-1;2300;KELP;2024;32;;;;;2028;-32;;;;;2026.0;47.0
-1;2400;RAINFOREST_RESIN;9995;29;;;;;10005;-29;;;;;10000.0;24.5
-1;2400;KELP;2024;29;;;;;2025;-4;2028;-29;;;2024.5;24.5
-1;2500;RAINFOREST_RESIN;9996;1;9995;22;;;10004;-1;10005;-22;;;10000.0;56.0
-1;2500;KELP;2025;2;2024;23;;;2027;-1;2028;-22;;;2026.0;56.0
-1;2600;RAINFOREST_RESIN;9995;23;;;;;10005;-23;;;;;10000.0;66.5
-1;2600;KELP;2025;3;2024;23;;;2028;-23;;;;;2026.5;66.5
-1;2700;RAINFOREST_RESIN;9998;6;9995;26;;;10005;-26;;;;;10001.5;38.0
-1;2700;KELP;2024;26;;;;;2027;-26;;;;;2025.5;38.0
-1;2800;RAINFOREST_RESIN;9995;25;;;;;10005;-25;;;;;10000.0;35.0
-1;2800;KELP;2023;25;;;;;2027;-25;;;;;2025.0;35.0
-1;2900;RAINFOREST_RESIN;9996;1;9995;25;;;10004;-1;10005;-25;;;10000.0;83.0
-1;2900;KELP;2023;26;;;;;2027;-26;;;;;2025.0;83.0
-1;3000;RAINFOREST_RESIN;9998;1;9995;26;;;10005;-26;;;;;10001.5;107.0
-1;3000;KELP;2024;29;;;;;2027;-26;;;;;2025.5;107.0
-1;3100;RAINFOREST_RESIN;9996;2;9995;24;;;10004;-2;10005;-24;;;10000.0;76.0
-1;3100;KELP;2023;26;;;;;2025;-5;2026;-26;;;2024.0;76.0
-1;3200;RAINFOREST_RESIN;9996;1;9995;22;;;10004;-1;10005;-22;;;10000.0;84.0
-1;3200;KELP;2023;23;;;;;2025;-3;2026;-23;;;2024.0;84.0
-1;3300;RAINFOREST_RESIN;9996;2;9995;30;;;10004;-2;10005;-30;;;10000.0;84.0
-1;3300;KELP;2023;32;;;;;2025;-2;2026;-32;;;2024.0;84.0
-1;3400;RAINFOREST_RESIN;9996;2;9995;24;;;10004;-2;10005;-24;;;10000.0;96.0
-1;3400;KELP;2023;26;;;;;2026;-26;;;;;2024.5;96.0
-1;3500;RAINFOREST_RESIN;9995;26;;;;;10005;-26;;;;;10000.0;96.0
-1;3500;KELP;2023;26;;;;;2026;-26;;;;;2024.5;96.0
-1;3600;RAINFOREST_RESIN;9995;21;;;;;9998;-8;10005;-21;;;9996.5;55.0
-1;3600;KELP;2023;21;;;;;2026;-21;;;;;2024.5;55.0
-1;3700;RAINFOREST_RESIN;10002;0;9996;1;9995;23;10004;-1;10005;-23;;;10003.0;145.0
-1;3700;KELP;2023;27;;;;;2026;-24;;;;;2024.5;145.0
-1;3800;RAINFOREST_RESIN;9996;2;9995;23;;;10002;-10;10004;-2;10005;-23;9999.0;103.5
-1;3800;KELP;2023;25;;;;;2026;-25;;;;;2024.5;103.5
-1;3900;RAINFOREST_RESIN;9998;1;9996;1;9995;25;10004;-1;10005;-25;;;10001.0;131.5
-1;3900;KELP;2023;28;;;;;2026;-26;;;;;2024.5;131.5
-1;4000;RAINFOREST_RESIN;9996;2;9995;30;;;10004;-2;10005;-30;;;10000.0;117.5
-1;4000;KELP;2023;32;;;;;2026;-32;;;;;2024.5;117.5
-1;4100;RAINFOREST_RESIN;9996;2;9995;27;;;10004;-2;10005;-27;;;10000.0;137.0
-1;4100;KELP;2023;29;;;;;2027;-29;;;;;2025.0;137.0
-1;4200;RAINFOREST_RESIN;9996;2;9995;24;;;10002;-4;10004;-2;10005;-24;9999.0;129.0
-1;4200;KELP;2023;26;;;;;2027;-26;;;;;2025.0;129.0
-1;4300;RAINFOREST_RESIN;9995;22;;;;;9998;-4;10000;-10;10005;-22;9996.5;15.5
-1;4300;KELP;2023;29;;;;;2024;-5;2026;-22;;;2023.5;15.5
-1;4400;RAINFOREST_RESIN;9995;30;;;;;10005;-30;;;;;10000.0;143.0
-1;4400;KELP;2023;30;;;;;2026;-30;;;;;2024.5;143.0
-1;4500;RAINFOREST_RESIN;9996;1;9995;28;;;10002;-10;10004;-1;10005;-28;9999.0;119.5
-1;4500;KELP;2023;28;;;;;2026;-29;;;;;2024.5;119.5
-1;4600;RAINFOREST_RESIN;9996;1;9995;29;;;10002;-10;10004;-1;10005;-29;9999.0;119.5
-1;4600;KELP;2023;30;;;;;2026;-30;;;;;2024.5;119.5
-1;4700;RAINFOREST_RESIN;9996;2;9995;30;;;10004;-2;10005;-30;;;10000.0;131.0
-1;4700;KELP;2023;25;;;;;2025;-3;2026;-32;;;2024.0;131.0
-1;4800;RAINFOREST_RESIN;9998;6;9996;2;9995;22;10004;-2;10005;-22;;;10001.0;212.0
-1;4800;KELP;2023;24;;;;;2027;-24;;;;;2025.0;212.0
-1;4900;RAINFOREST_RESIN;9995;22;;;;;10002;-7;10005;-22;;;9998.5;154.5
-1;4900;KELP;2023;22;;;;;2027;-22;;;;;2025.0;154.5
-1;5000;RAINFOREST_RESIN;9998;3;9996;2;9995;28;10004;-2;10005;-28;;;10001.0;189.0
-1;5000;KELP;2023;30;;;;;2026;-30;;;;;2024.5;189.0
-1;5100;RAINFOREST_RESIN;9996;1;9995;30;;;10004;-1;10005;-30;;;10000.0;166.0
-1;5100;KELP;2023;37;;;;;2026;-31;;;;;2024.5;166.0
-1;5200;RAINFOREST_RESIN;9998;9;9996;1;9995;26;10004;-1;10005;-26;;;10001.0;189.0
-1;5200;KELP;2023;35;;;;;2026;-27;;;;;2024.5;189.0
-1;5300;RAINFOREST_RESIN;9996;1;9995;20;;;10004;-1;10005;-20;;;10000.0;211.0
-1;5300;KELP;2025;0;2023;21;;;2026;-21;;;;;2025.5;211.0
-1;5400;RAINFOREST_RESIN;9995;21;;;;;10005;-21;;;;;10000.0;145.0
-1;5400;KELP;2023;21;;;;;2025;-6;2027;-21;;;2024.0;145.0
-1;5500;RAINFOREST_RESIN;9995;27;;;;;10005;-27;;;;;10000.0;189.0
-1;5500;KELP;2023;27;;;;;2027;-27;;;;;2025.0;189.0
-1;5600;RAINFOREST_RESIN;9995;28;;;;;10005;-28;;;;;10000.0;231.0
-1;5600;KELP;2025;0;2023;28;;;2027;-28;;;;;2026.0;231.0
-1;5700;RAINFOREST_RESIN;9998;2;9995;27;;;10005;-27;;;;;10001.5;245.0
-1;5700;KELP;2024;26;;;;;2027;-27;;;;;2025.5;245.0
-1;5800;RAINFOREST_RESIN;9996;1;9995;30;;;10004;-1;10005;-30;;;10000.0;210.5
-1;5800;KELP;2024;31;;;;;2027;-31;;;;;2025.5;210.5
-1;5900;RAINFOREST_RESIN;9996;2;9995;28;;;10004;-2;10005;-28;;;10000.0;210.5
-1;5900;KELP;2024;35;;;;;2027;-30;;;;;2025.5;210.5
-1;6000;RAINFOREST_RESIN;9995;30;;;;;10005;-30;;;;;10000.0;210.5
-1;6000;KELP;2024;30;;;;;2027;-30;;;;;2025.5;210.5
-1;6100;RAINFOREST_RESIN;9996;1;9995;24;;;10004;-1;10005;-24;;;10000.0;211.0
-1;6100;KELP;2024;24;;;;;2027;-25;;;;;2025.5;211.0
-1;6200;RAINFOREST_RESIN;9996;1;9995;21;;;10004;-1;10005;-21;;;10000.0;211.0
-1;6200;KELP;2024;22;;;;;2027;-22;;;;;2025.5;211.0
-1;6300;RAINFOREST_RESIN;9996;2;9995;23;;;10004;-2;10005;-23;;;10000.0;211.0
-1;6300;KELP;2024;30;;;;;2027;-25;;;;;2025.5;211.0
-1;6400;RAINFOREST_RESIN;9996;1;9995;24;;;10004;-1;10005;-24;;;10000.0;211.0
-1;6400;KELP;2024;25;;;;;2027;-25;;;;;2025.5;211.0
-1;6500;RAINFOREST_RESIN;9996;1;9995;26;;;9998;-2;10004;-1;10005;-26;9997.0;141.0
-1;6500;KELP;2024;27;;;;;2027;-27;;;;;2025.5;141.0
-1;6600;RAINFOREST_RESIN;9996;2;9995;24;;;10004;-2;10005;-24;;;10000.0;235.0
-1;6600;KELP;2024;26;;;;;2028;-26;;;;;2026.0;235.0
-1;6700;RAINFOREST_RESIN;9995;20;;;;;10002;-3;10005;-20;;;9998.5;221.0
-1;6700;KELP;2025;7;2024;20;;;2028;-20;;;;;2026.5;221.0
-1;6800;RAINFOREST_RESIN;9996;2;9995;30;;;10004;-2;10005;-30;;;10000.0;191.0
-1;6800;KELP;2024;32;;;;;2026;-8;2027;-2;2028;-30;2025.0;191.0
-1;6900;RAINFOREST_RESIN;9996;1;9995;26;;;10002;-5;10004;-1;10005;-26;9999.0;168.0
-1;6900;KELP;2024;27;;;;;2026;-1;2027;-27;;;2025.0;168.0
-1;7000;RAINFOREST_RESIN;9998;2;9995;27;;;10005;-27;;;;;10001.5;294.5
-1;7000;KELP;2026;0;2024;27;;;2027;-27;;;;;2026.5;294.5
-1;7100;RAINFOREST_RESIN;9996;1;9995;29;;;10004;-1;10005;-29;;;10000.0;224.5
-1;7100;KELP;2024;30;;;;;2027;-30;;;;;2025.5;224.5
-1;7200;RAINFOREST_RESIN;9998;5;9996;1;9995;27;10004;-1;10005;-27;;;10001.0;246.5
-1;7200;KELP;2024;28;;;;;2027;-28;;;;;2025.5;246.5
-1;7300;RAINFOREST_RESIN;10002;0;9996;2;9995;29;10004;-2;10005;-29;;;10003.0;291.5
-1;7300;KELP;2024;35;;;;;2027;-31;;;;;2025.5;291.5
-1;7400;RAINFOREST_RESIN;9996;1;9995;22;;;10004;-1;10005;-22;;;10000.0;235.0
-1;7400;KELP;2024;22;;;;;2027;-23;;;;;2025.5;235.0
-1;7500;RAINFOREST_RESIN;9995;25;;;;;10002;-10;10005;-25;;;9998.5;206.5
-1;7500;KELP;2024;25;;;;;2027;-25;;;;;2025.5;206.5
-1;7600;RAINFOREST_RESIN;9996;2;9995;20;;;10004;-2;10005;-20;;;10000.0;235.0
-1;7600;KELP;2024;22;;;;;2027;-22;;;;;2025.5;235.0
-1;7700;RAINFOREST_RESIN;9995;22;;;;;10005;-22;;;;;10000.0;235.5
-1;7700;KELP;2024;21;;;;;2027;-22;;;;;2025.5;235.5
-1;7800;RAINFOREST_RESIN;9998;3;9996;1;9995;22;10004;-1;10005;-22;;;10001.0;254.5
-1;7800;KELP;2024;23;;;;;2027;-23;;;;;2025.5;254.5
-1;7900;RAINFOREST_RESIN;9996;1;9995;26;;;10004;-1;10005;-26;;;10000.0;235.5
-1;7900;KELP;2024;31;;;;;2027;-27;;;;;2025.5;235.5
-1;8000;RAINFOREST_RESIN;9995;27;;;;;10005;-27;;;;;10000.0;216.0
-1;8000;KELP;2024;27;;;;;2026;-8;2027;-27;;;2025.0;216.0
-1;8100;RAINFOREST_RESIN;9996;1;9995;22;;;10004;-1;10005;-22;;;10000.0;225.0
-1;8100;KELP;2023;23;;;;;2027;-23;;;;;2025.0;225.0
-1;8200;RAINFOREST_RESIN;9995;23;;;;;10005;-23;;;;;10000.0;187.0
-1;8200;KELP;2023;23;;;;;2025;-1;2026;-23;;;2024.0;187.0
-1;8300;RAINFOREST_RESIN;9996;1;9995;29;;;10004;-1;10005;-29;;;10000.0;206.0
-1;8300;KELP;2023;30;;;;;2026;-30;;;;;2024.5;206.0
-1;8400;RAINFOREST_RESIN;9995;28;;;;;10005;-28;;;;;10000.0;206.0
-1;8400;KELP;2023;28;;;;;2026;-28;;;;;2024.5;206.0
-1;8500;RAINFOREST_RESIN;9998;10;9996;2;9995;29;10004;-2;10005;-29;;;10001.0;227.0
-1;8500;KELP;2023;31;;;;;2026;-31;;;;;2024.5;227.0
-1;8600;RAINFOREST_RESIN;9996;1;9995;22;;;10004;-1;10005;-22;;;10000.0;207.5
-1;8600;KELP;2023;22;;;;;2026;-23;;;;;2024.5;207.5
-1;8700;RAINFOREST_RESIN;9998;10;9995;27;;;10005;-27;;;;;10001.5;219.5
-1;8700;KELP;2023;27;;;;;2025;-4;2026;-27;;;2024.0;219.5
-1;8800;RAINFOREST_RESIN;9995;25;;;;;9998;-2;10005;-25;;;9996.5;171.5
-1;8800;KELP;2024;7;2023;25;;;2027;-25;;;;;2025.5;171.5
-1;8900;RAINFOREST_RESIN;9998;9;9995;26;;;10005;-26;;;;;10001.5;281.5
-1;8900;KELP;2024;1;2023;26;;;2027;-26;;;;;2025.5;281.5
-1;9000;RAINFOREST_RESIN;9996;2;9995;29;;;10004;-2;10005;-29;;;10000.0;229.0
-1;9000;KELP;2023;31;;;;;2027;-31;;;;;2025.0;229.0
-1;9100;RAINFOREST_RESIN;9998;3;9996;2;9995;27;10004;-2;10005;-27;;;10001.0;231.5
-1;9100;KELP;2023;29;;;;;2026;-2;2027;-27;;;2024.5;231.5
-1;9200;RAINFOREST_RESIN;9998;10;9995;27;;;10005;-27;;;;;10001.5;224.0
-1;9200;KELP;2023;27;;;;;2025;-7;2026;-27;;;2024.0;224.0
-1;9300;RAINFOREST_RESIN;9996;1;9995;20;;;10004;-1;10005;-20;;;10000.0;210.0
-1;9300;KELP;2023;21;;;;;2026;-21;;;;;2024.5;210.0
-1;9400;RAINFOREST_RESIN;9998;2;9996;2;9995;21;10004;-2;10005;-21;;;10001.0;232.0
-1;9400;KELP;2023;23;;;;;2026;-23;;;;;2024.5;232.0
-1;9500;RAINFOREST_RESIN;9996;1;9995;30;;;10004;-1;10005;-30;;;10000.0;210.0
-1;9500;KELP;2023;35;;;;;2026;-31;;;;;2024.5;210.0
-1;9600;RAINFOREST_RESIN;9996;1;9995;30;;;10004;-1;10005;-30;;;10000.0;210.0
-1;9600;KELP;2023;31;;;;;2026;-31;;;;;2024.5;210.0
-1;9700;RAINFOREST_RESIN;9995;22;;;;;10002;-1;10005;-22;;;9998.5;177.0
-1;9700;KELP;2023;22;;;;;2026;-22;;;;;2024.5;177.0
-1;9800;RAINFOREST_RESIN;9995;26;;;;;10005;-26;;;;;10000.0;210.0
-1;9800;KELP;2023;26;;;;;2026;-26;;;;;2024.5;210.0
-1;9900;RAINFOREST_RESIN;9995;25;;;;;10005;-25;;;;;10000.0;246.0
-1;9900;KELP;2025;0;2023;25;;;2026;-25;;;;;2025.5;246.0
-1;10000;RAINFOREST_RESIN;9995;28;;;;;10005;-28;;;;;10000.0;212.0
-1;10000;KELP;2023;36;;;;;2026;-28;;;;;2024.5;212.0
-1;10100;RAINFOREST_RESIN;9996;1;9995;24;;;10002;-3;10004;-1;10005;-24;9999.0;190.0
-1;10100;KELP;2023;25;;;;;2026;-25;;;;;2024.5;190.0
-1;10200;RAINFOREST_RESIN;9996;2;9995;26;;;10004;-2;10005;-26;;;10000.0;195.0
-1;10200;KELP;2022;28;;;;;2026;-28;;;;;2024.0;195.0
-1;10300;RAINFOREST_RESIN;9998;4;9995;27;;;10005;-27;;;;;10001.5;244.0
-1;10300;KELP;2024;0;2022;35;;;2025;-27;;;;;2024.5;244.0
-1;10400;RAINFOREST_RESIN;10002;0;9996;1;9995;28;10004;-1;10005;-28;;;10003.0;276.0
-1;10400;KELP;2023;1;2022;29;;;2026;-29;;;;;2024.5;276.0
-1;10500;RAINFOREST_RESIN;9998;4;9996;2;9995;29;10004;-2;10005;-29;;;10001.0;234.0
-1;10500;KELP;2023;2;2022;29;;;2026;-31;;;;;2024.5;234.0
-1;10600;RAINFOREST_RESIN;9996;2;9995;29;;;10000;-8;10004;-2;10005;-29;9998.0;93.0
-1;10600;KELP;2022;31;;;;;2023;-16;2024;-4;2025;-31;2022.5;93.0
-1;10700;RAINFOREST_RESIN;9998;8;9995;28;;;10005;-28;;;;;10001.5;224.5
-1;10700;KELP;2022;29;;;;;2025;-28;;;;;2023.5;224.5
-1;10800;RAINFOREST_RESIN;9998;5;9996;2;9995;22;10004;-2;10005;-22;;;10001.0;248.0
-1;10800;KELP;2022;27;;;;;2025;-24;;;;;2023.5;248.0
-1;10900;RAINFOREST_RESIN;9996;1;9995;27;;;10004;-1;10005;-27;;;10000.0;235.0
-1;10900;KELP;2022;35;;;;;2025;-28;;;;;2023.5;235.0
-1;11000;RAINFOREST_RESIN;9995;24;;;;;10002;-7;10005;-24;;;9998.5;256.0
-1;11000;KELP;2024;0;2022;24;;;2025;-24;;;;;2024.5;256.0
-1;11100;RAINFOREST_RESIN;9998;3;9995;21;;;10005;-21;;;;;10001.5;258.0
-1;11100;KELP;2022;21;;;;;2025;-21;;;;;2023.5;258.0
-1;11200;RAINFOREST_RESIN;9996;2;9995;21;;;10002;-7;10004;-2;10005;-21;9999.0;225.5
-1;11200;KELP;2022;23;;;;;2025;-23;;;;;2023.5;225.5
-1;11300;RAINFOREST_RESIN;9996;1;9995;21;;;10004;-1;10005;-21;;;10000.0;240.0
-1;11300;KELP;2022;25;;;;;2025;-22;;;;;2023.5;240.0
-1;11400;RAINFOREST_RESIN;9996;1;9995;25;;;10004;-1;10005;-25;;;10000.0;241.0
-1;11400;KELP;2022;26;;;;;2025;-26;;;;;2023.5;241.0
-1;11500;RAINFOREST_RESIN;9996;1;9995;25;;;10002;-7;10004;-1;10005;-25;9999.0;207.0
-1;11500;KELP;2022;26;;;;;2024;-8;2025;-26;;;2023.0;207.0
-1;11600;RAINFOREST_RESIN;9996;2;9995;27;;;10002;-2;10004;-2;10005;-27;9999.0;249.0
-1;11600;KELP;2022;29;;;;;2026;-29;;;;;2024.0;249.0
-1;11700;RAINFOREST_RESIN;9996;2;9995;21;;;10004;-2;10005;-21;;;10000.0;196.0
-1;11700;KELP;2022;23;;;;;2023;-8;2026;-23;;;2022.5;196.0
-1;11800;RAINFOREST_RESIN;9998;10;9995;29;;;10000;-10;10005;-29;;;9999.0;204.0
-1;11800;KELP;2022;29;;;;;2024;-4;2026;-29;;;2023.0;204.0
-1;11900;RAINFOREST_RESIN;9996;2;9995;30;;;10004;-2;10005;-30;;;10000.0;245.5
-1;11900;KELP;2023;2;2022;30;;;2024;-3;2026;-32;;;2023.5;245.5
-1;12000;RAINFOREST_RESIN;10002;0;9995;20;;;10005;-20;;;;;10003.5;354.0
-1;12000;KELP;2023;20;;;;;2026;-20;;;;;2024.5;354.0
-1;12100;RAINFOREST_RESIN;9996;2;9995;25;;;10004;-2;10005;-25;;;10000.0;271.0
-1;12100;KELP;2023;27;;;;;2025;-1;2026;-27;;;2024.0;271.0
-1;12200;RAINFOREST_RESIN;9996;2;9995;28;;;10004;-2;10005;-28;;;10000.0;294.5
-1;12200;KELP;2023;34;;;;;2026;-30;;;;;2024.5;294.5
-1;12300;RAINFOREST_RESIN;9998;6;9996;1;9995;28;10004;-1;10005;-28;;;10001.0;311.5
-1;12300;KELP;2023;29;;;;;2026;-29;;;;;2024.5;311.5
-1;12400;RAINFOREST_RESIN;9995;26;;;;;10005;-26;;;;;10000.0;294.5
-1;12400;KELP;2023;30;;;;;2026;-26;;;;;2024.5;294.5
-1;12500;RAINFOREST_RESIN;9995;20;;;;;10005;-20;;;;;10000.0;296.0
-1;12500;KELP;2023;19;;;;;2026;-20;;;;;2024.5;296.0
-1;12600;RAINFOREST_RESIN;9995;22;;;;;10005;-22;;;;;10000.0;296.0
-1;12600;KELP;2023;22;;;;;2026;-22;;;;;2024.5;296.0
-1;12700;RAINFOREST_RESIN;9996;2;9995;20;;;10004;-2;10005;-20;;;10000.0;296.0
-1;12700;KELP;2023;22;;;;;2026;-22;;;;;2024.5;296.0
-1;12800;RAINFOREST_RESIN;9996;2;9995;20;;;10004;-2;10005;-20;;;10000.0;296.0
-1;12800;KELP;2023;22;;;;;2026;-22;;;;;2024.5;296.0
-1;12900;RAINFOREST_RESIN;9996;1;9995;28;;;10002;-3;10004;-1;10005;-28;9999.0;279.0
-1;12900;KELP;2023;36;;;;;2026;-29;;;;;2024.5;279.0
-1;13000;RAINFOREST_RESIN;10002;0;9995;20;;;10005;-20;;;;;10003.5;401.0
-1;13000;KELP;2025;0;2023;6;2022;20;2026;-20;;;;;2025.5;401.0
-1;13100;RAINFOREST_RESIN;9996;1;9995;25;;;10004;-1;10005;-25;;;10000.0;299.0
-1;13100;KELP;2023;33;;;;;2026;-26;;;;;2024.5;299.0
-1;13200;RAINFOREST_RESIN;9998;2;9995;22;;;10005;-22;;;;;10001.5;277.0
-1;13200;KELP;2022;22;;;;;2025;-5;2026;-22;;;2023.5;277.0
-1;13300;RAINFOREST_RESIN;9995;24;;;;;10005;-24;;;;;10000.0;308.0
-1;13300;KELP;2023;6;2022;24;;;2026;-24;;;;;2024.5;308.0
-1;13400;RAINFOREST_RESIN;9996;2;9995;30;;;10004;-2;10005;-30;;;10000.0;308.0
-1;13400;KELP;2023;32;;;;;2026;-32;;;;;2024.5;308.0
-1;13500;RAINFOREST_RESIN;9995;30;;;;;10005;-30;;;;;10000.0;264.0
-1;13500;KELP;2022;30;;;;;2025;-8;2026;-30;;;2023.5;264.0
-1;13600;RAINFOREST_RESIN;9995;25;;;;;10002;-10;10005;-25;;;9998.5;266.0
-1;13600;KELP;2023;24;;;;;2025;-3;2026;-25;;;2024.0;266.0
-1;13700;RAINFOREST_RESIN;9996;1;9995;20;;;9998;-8;10004;-1;10005;-20;9997.0;263.5
-1;13700;KELP;2023;25;;;;;2026;-21;;;;;2024.5;263.5
-1;13800;RAINFOREST_RESIN;9996;2;9995;20;;;10004;-2;10005;-20;;;10000.0;317.5
-1;13800;KELP;2023;23;;;;;2026;-22;;;;;2024.5;317.5
-1;13900;RAINFOREST_RESIN;9996;2;9995;20;;;10000;-12;10004;-2;10005;-20;9998.0;224.5
-1;13900;KELP;2023;22;;;;;2024;-6;2025;-4;2026;-22;2023.5;224.5
-1;14000;RAINFOREST_RESIN;9998;5;9996;2;9995;27;10004;-2;10005;-27;;;10001.0;341.5
-1;14000;KELP;2023;3;2022;29;;;2026;-29;;;;;2024.5;341.5
-1;14100;RAINFOREST_RESIN;9996;2;9995;23;;;10004;-2;10005;-23;;;10000.0;295.0
-1;14100;KELP;2023;25;;;;;2025;-1;2026;-25;;;2024.0;295.0
-1;14200;RAINFOREST_RESIN;9995;21;;;;;10005;-21;;;;;10000.0;319.0
-1;14200;KELP;2023;20;;;;;2026;-21;;;;;2024.5;319.0
-1;14300;RAINFOREST_RESIN;9996;2;9995;27;;;10004;-2;10005;-27;;;10000.0;296.0
-1;14300;KELP;2022;29;;;;;2026;-29;;;;;2024.0;296.0
-1;14400;RAINFOREST_RESIN;9996;1;9995;29;;;10004;-1;10005;-29;;;10000.0;319.0
-1;14400;KELP;2023;30;;;;;2026;-30;;;;;2024.5;319.0
-1;14500;RAINFOREST_RESIN;9995;24;;;;;10002;-1;10005;-24;;;9998.5;283.0
-1;14500;KELP;2023;24;;;;;2026;-24;;;;;2024.5;283.0
-1;14600;RAINFOREST_RESIN;9996;2;9995;26;;;10000;-4;10004;-2;10005;-26;9998.0;198.0
-1;14600;KELP;2022;28;;;;;2024;-2;2026;-28;;;2023.0;198.0
-1;14700;RAINFOREST_RESIN;9995;30;;;;;10002;-7;10005;-30;;;9998.5;234.0
-1;14700;KELP;2022;30;;;;;2025;-30;;;;;2023.5;234.0
-1;14800;RAINFOREST_RESIN;9995;28;;;;;10002;-6;10005;-28;;;9998.5;234.0
-1;14800;KELP;2022;28;;;;;2025;-28;;;;;2023.5;234.0
-1;14900;RAINFOREST_RESIN;10000;0;9995;26;;;10005;-26;;;;;10002.5;351.0
-1;14900;KELP;2023;4;2022;26;;;2025;-26;;;;;2024.0;351.0
-1;15000;RAINFOREST_RESIN;9998;1;9995;25;;;10005;-25;;;;;10001.5;347.0
-1;15000;KELP;2024;0;2022;25;;;2025;-25;;;;;2024.5;347.0
-1;15100;RAINFOREST_RESIN;9995;22;;;;;10005;-22;;;;;10000.0;278.0
-1;15100;KELP;2022;27;;;;;2025;-22;;;;;2023.5;278.0
-1;15200;RAINFOREST_RESIN;9998;6;9995;27;;;10005;-27;;;;;10001.5;311.5
-1;15200;KELP;2022;26;;;;;2025;-27;;;;;2023.5;311.5
-1;15300;RAINFOREST_RESIN;9995;26;;;;;10002;-1;10005;-26;;;9998.5;227.0
-1;15300;KELP;2022;26;;;;;2024;-4;2025;-26;;;2023.0;227.0
-1;15400;RAINFOREST_RESIN;9996;2;9995;28;;;9998;-2;10004;-2;10005;-28;9997.0;211.5
-1;15400;KELP;2022;35;;;;;2025;-30;;;;;2023.5;211.5
-1;15500;RAINFOREST_RESIN;10002;0;9996;2;9995;29;10004;-2;10005;-29;;;10003.0;330.0
-1;15500;KELP;2022;31;;;;;2024;-8;2025;-31;;;2023.0;330.0
-1;15600;RAINFOREST_RESIN;9996;2;9995;24;;;10004;-2;10005;-24;;;10000.0;283.5
-1;15600;KELP;2022;31;;;;;2025;-26;;;;;2023.5;283.5
-1;15700;RAINFOREST_RESIN;10002;0;9996;1;9995;24;10004;-1;10005;-24;;;10003.0;344.5
-1;15700;KELP;2022;25;;;;;2025;-25;;;;;2023.5;344.5
-1;15800;RAINFOREST_RESIN;9998;10;9996;2;9995;20;10004;-2;10005;-20;;;10001.0;379.5
-1;15800;KELP;2025;0;2022;22;;;2026;-22;;;;;2025.5;379.5
-1;15900;RAINFOREST_RESIN;9996;2;9995;29;;;10000;-12;10004;-2;10005;-29;9998.0;250.5
-1;15900;KELP;2023;31;;;;;2024;-6;2025;-2;2026;-31;2023.5;250.5
-1;16000;RAINFOREST_RESIN;9996;2;9995;27;;;10002;-6;10004;-2;10005;-27;9999.0;290.0
-1;16000;KELP;2023;29;;;;;2025;-2;2026;-29;;;2024.0;290.0
-1;16100;RAINFOREST_RESIN;9995;21;;;;;10000;-4;10002;-10;10005;-21;9997.5;198.0
-1;16100;KELP;2022;21;;;;;2023;-8;2026;-21;;;2022.5;198.0
-1;16200;RAINFOREST_RESIN;9995;24;;;;;9998;-2;10005;-24;;;9996.5;169.0
-1;16200;KELP;2022;24;;;;;2023;-4;2026;-24;;;2022.5;169.0
-1;16300;RAINFOREST_RESIN;9996;1;9995;22;;;10004;-1;10005;-22;;;10000.0;348.0
-1;16300;KELP;2023;2;2022;23;;;2026;-23;;;;;2024.5;348.0
-1;16400;RAINFOREST_RESIN;9996;2;9995;30;;;10002;-3;10004;-2;10005;-30;9999.0;322.0
-1;16400;KELP;2023;2;2022;30;;;2026;-32;;;;;2024.5;322.0
-1;16500;RAINFOREST_RESIN;9996;2;9995;21;;;10002;-7;10004;-2;10005;-21;9999.0;322.0
-1;16500;KELP;2023;2;2022;21;;;2026;-23;;;;;2024.5;322.0
-1;16600;RAINFOREST_RESIN;9998;4;9996;2;9995;28;10004;-2;10005;-28;;;10001.0;284.0
-1;16600;KELP;2022;30;;;;;2023;-4;2026;-30;;;2022.5;284.0
-1;16700;RAINFOREST_RESIN;10002;0;9995;26;;;10005;-26;;;;;10003.5;490.5
-1;16700;KELP;2025;0;2022;26;;;2026;-26;;;;;2025.5;490.5
-1;16800;RAINFOREST_RESIN;9995;26;;;;;10005;-26;;;;;10000.0;354.0
-1;16800;KELP;2022;26;;;;;2026;-26;;;;;2024.0;354.0
-1;16900;RAINFOREST_RESIN;9996;1;9995;25;;;10004;-1;10005;-25;;;10000.0;377.0
-1;16900;KELP;2023;1;2022;25;;;2026;-26;;;;;2024.5;377.0
-1;17000;RAINFOREST_RESIN;9998;9;9995;29;;;10005;-29;;;;;10001.5;422.0
-1;17000;KELP;2023;29;;;;;2026;-29;;;;;2024.5;422.0
-1;17100;RAINFOREST_RESIN;9996;2;9995;21;;;10004;-2;10005;-21;;;10000.0;377.0
-1;17100;KELP;2023;23;;;;;2026;-23;;;;;2024.5;377.0
-1;17200;RAINFOREST_RESIN;9998;3;9996;2;9995;22;10004;-2;10005;-22;;;10001.0;407.0
-1;17200;KELP;2023;24;;;;;2026;-24;;;;;2024.5;407.0
-1;17300;RAINFOREST_RESIN;9996;2;9995;23;;;10002;-9;10004;-2;10005;-23;9999.0;324.0
-1;17300;KELP;2023;25;;;;;2025;-6;2026;-25;;;2024.0;324.0
-1;17400;RAINFOREST_RESIN;10000;0;9998;7;9995;28;10005;-28;;;;;10002.5;454.0
-1;17400;KELP;2024;0;2023;28;;;2026;-28;;;;;2025.0;454.0
-1;17500;RAINFOREST_RESIN;9995;26;;;;;10005;-26;;;;;10000.0;394.0
-1;17500;KELP;2023;26;;;;;2027;-26;;;;;2025.0;394.0
-1;17600;RAINFOREST_RESIN;9998;6;9995;30;;;10005;-30;;;;;10001.5;410.0
-1;17600;KELP;2023;30;;;;;2026;-30;;;;;2024.5;410.0
-1;17700;RAINFOREST_RESIN;9996;2;9995;27;;;10004;-2;10005;-27;;;10000.0;413.5
-1;17700;KELP;2025;0;2023;29;;;2026;-29;;;;;2025.5;413.5
-1;17800;RAINFOREST_RESIN;9996;2;9995;24;;;10002;-5;10004;-2;10005;-24;9999.0;350.5
-1;17800;KELP;2023;26;;;;;2026;-2;2027;-24;;;2024.5;350.5
-1;17900;RAINFOREST_RESIN;9995;23;;;;;10005;-23;;;;;10000.0;394.0
-1;17900;KELP;2023;23;;;;;2027;-23;;;;;2025.0;394.0
-1;18000;RAINFOREST_RESIN;9996;2;9995;25;;;10004;-2;10005;-25;;;10000.0;374.5
-1;18000;KELP;2023;27;;;;;2026;-27;;;;;2024.5;374.5
-1;18100;RAINFOREST_RESIN;9995;20;;;;;10005;-20;;;;;10000.0;394.0
-1;18100;KELP;2023;20;;;;;2027;-20;;;;;2025.0;394.0
-1;18200;RAINFOREST_RESIN;9996;1;9995;25;;;10004;-1;10005;-25;;;10000.0;416.0
-1;18200;KELP;2024;21;;;;;2027;-26;;;;;2025.5;416.0
-1;18300;RAINFOREST_RESIN;9996;2;9995;23;;;10004;-2;10005;-23;;;10000.0;394.0
-1;18300;KELP;2023;25;;;;;2027;-25;;;;;2025.0;394.0
-1;18400;RAINFOREST_RESIN;9996;2;9995;23;;;10004;-2;10005;-23;;;10000.0;394.0
-1;18400;KELP;2024;25;;;;;2026;-5;2027;-25;;;2025.0;394.0
-1;18500;RAINFOREST_RESIN;9995;29;;;;;10000;-4;10005;-29;;;9997.5;307.0
-1;18500;KELP;2024;29;;;;;2025;-4;2027;-29;;;2024.5;307.0
-1;18600;RAINFOREST_RESIN;10002;0;9995;20;;;10005;-20;;;;;10003.5;484.5
-1;18600;KELP;2024;20;;;;;2026;-5;2027;-20;;;2025.0;484.5
-1;18700;RAINFOREST_RESIN;9995;22;;;;;10005;-22;;;;;10000.0;420.0
-1;18700;KELP;2024;22;;;;;2027;-22;;;;;2025.5;420.0
-1;18800;RAINFOREST_RESIN;9996;2;9995;26;;;10004;-2;10005;-26;;;10000.0;420.0
-1;18800;KELP;2024;28;;;;;2027;-28;;;;;2025.5;420.0
-1;18900;RAINFOREST_RESIN;9998;2;9995;22;;;10005;-22;;;;;10001.5;457.5
-1;18900;KELP;2024;22;;;;;2027;-22;;;;;2025.5;457.5
-1;19000;RAINFOREST_RESIN;9996;2;9995;26;;;10004;-2;10005;-26;;;10000.0;422.0
-1;19000;KELP;2024;18;;;;;2027;-28;;;;;2025.5;422.0
-1;19100;RAINFOREST_RESIN;9996;2;9995;26;;;10004;-2;10005;-26;;;10000.0;422.0
-1;19100;KELP;2024;28;;;;;2027;-28;;;;;2025.5;422.0
-1;19200;RAINFOREST_RESIN;9996;1;9995;20;;;9998;-2;10004;-1;10005;-20;9997.0;346.0
-1;19200;KELP;2024;21;;;;;2027;-21;;;;;2025.5;346.0
-1;19300;RAINFOREST_RESIN;9996;2;9995;21;;;10004;-2;10005;-21;;;10000.0;428.0
-1;19300;KELP;2024;23;;;;;2027;-23;;;;;2025.5;428.0
-1;19400;RAINFOREST_RESIN;9995;26;;;;;10005;-26;;;;;10000.0;403.0
-1;19400;KELP;2023;26;;;;;2027;-26;;;;;2025.0;403.0
-1;19500;RAINFOREST_RESIN;9995;23;;;;;10005;-23;;;;;10000.0;428.0
-1;19500;KELP;2024;23;;;;;2027;-23;;;;;2025.5;428.0
-1;19600;RAINFOREST_RESIN;9996;2;9995;27;;;10004;-2;10005;-27;;;10000.0;428.0
-1;19600;KELP;2024;2;2023;27;;;2027;-29;;;;;2025.5;428.0
-1;19700;RAINFOREST_RESIN;10002;0;9996;2;9995;30;10004;-2;10005;-30;;;10003.0;483.0
-1;19700;KELP;2024;31;;;;;2026;-7;2027;-32;;;2025.0;483.0
-1;19800;RAINFOREST_RESIN;9996;2;9995;29;;;10004;-2;10005;-29;;;10000.0;430.0
-1;19800;KELP;2024;31;;;;;2027;-31;;;;;2025.5;430.0
-1;19900;RAINFOREST_RESIN;9996;2;9995;30;;;10004;-2;10005;-30;;;10000.0;430.0
-1;19900;KELP;2024;32;;;;;2027;-32;;;;;2025.5;430.0
-1;20000;RAINFOREST_RESIN;9995;27;;;;;10002;-4;10005;-27;;;9998.5;391.0
-1;20000;KELP;2024;2;2023;27;;;2027;-27;;;;;2025.5;391.0
-1;20100;RAINFOREST_RESIN;10002;0;9996;1;9995;30;10004;-1;10005;-30;;;10003.0;432.0
-1;20100;KELP;2023;31;;;;;2025;-4;2027;-31;;;2024.0;432.0
-1;20200;RAINFOREST_RESIN;9995;29;;;;;9998;-2;10005;-29;;;9996.5;318.0
-1;20200;KELP;2023;29;;;;;2027;-29;;;;;2025.0;318.0
-1;20300;RAINFOREST_RESIN;9995;27;;;;;10005;-27;;;;;10000.0;434.0
-1;20300;KELP;2024;26;;;;;2027;-27;;;;;2025.5;434.0
-1;20400;RAINFOREST_RESIN;9996;1;9995;28;;;10000;-4;10004;-1;10005;-28;9998.0;332.0
-1;20400;KELP;2024;30;;;;;2025;-4;2027;-29;;;2024.5;332.0
-1;20500;RAINFOREST_RESIN;10000;0;9996;2;9995;30;10004;-2;10005;-30;;;10002.0;501.0
-1;20500;KELP;2025;0;2024;7;2023;30;2027;-32;;;;;2026.0;501.0
-1;20600;RAINFOREST_RESIN;9996;2;9995;26;;;10004;-2;10005;-26;;;10000.0;409.0
-1;20600;KELP;2023;28;;;;;2027;-28;;;;;2025.0;409.0
-1;20700;RAINFOREST_RESIN;10002;0;10000;0;9998;4;10005;-22;;;;;10003.5;507.0
-1;20700;KELP;2025;0;2023;22;;;2027;-22;;;;;2026.0;507.0
-1;20800;RAINFOREST_RESIN;9996;2;9995;22;;;10004;-2;10005;-22;;;10000.0;431.0
-1;20800;KELP;2024;2;2023;22;;;2027;-24;;;;;2025.5;431.0
-1;20900;RAINFOREST_RESIN;9995;23;;;;;10005;-23;;;;;10000.0;470.5
-1;20900;KELP;2026;0;2023;23;;;2027;-23;;;;;2026.5;470.5
-1;21000;RAINFOREST_RESIN;9996;2;9995;26;;;10004;-2;10005;-26;;;10000.0;431.5
-1;21000;KELP;2024;28;;;;;2027;-28;;;;;2025.5;431.5
-1;21100;RAINFOREST_RESIN;9996;2;9995;22;;;10004;-2;10005;-22;;;10000.0;431.5
-1;21100;KELP;2024;2;2023;22;;;2027;-24;;;;;2025.5;431.5
-1;21200;RAINFOREST_RESIN;9995;22;;;;;9998;-2;10005;-22;;;9996.5;374.0
-1;21200;KELP;2024;22;;;;;2027;-22;;;;;2025.5;374.0
-1;21300;RAINFOREST_RESIN;9996;1;9995;29;;;10002;-7;10004;-1;10005;-29;9999.0;440.5
-1;21300;KELP;2024;1;2023;29;;;2027;-30;;;;;2025.5;440.5
-1;21400;RAINFOREST_RESIN;9995;28;;;;;10005;-28;;;;;10000.0;465.5
-1;21400;KELP;2024;28;;;;;2027;-28;;;;;2025.5;465.5
-1;21500;RAINFOREST_RESIN;9996;1;9995;20;;;10004;-1;10005;-20;;;10000.0;502.5
-1;21500;KELP;2026;0;2024;21;;;2027;-21;;;;;2026.5;502.5
-1;21600;RAINFOREST_RESIN;10002;0;9996;2;9995;25;10004;-2;10005;-25;;;10003.0;530.5
-1;21600;KELP;2024;27;;;;;2027;-2;2028;-25;;;2025.5;530.5
-1;21700;RAINFOREST_RESIN;9998;8;9996;2;9995;29;10004;-2;10005;-29;;;10001.0;508.5
-1;21700;KELP;2024;31;;;;;2027;-31;;;;;2025.5;508.5
-1;21800;RAINFOREST_RESIN;9996;2;9995;22;;;10004;-2;10005;-22;;;10000.0;509.0
-1;21800;KELP;2024;24;;;;;2028;-24;;;;;2026.0;509.0
-1;21900;RAINFOREST_RESIN;10002;0;9996;1;9995;21;10004;-1;10005;-21;;;10003.0;545.0
-1;21900;KELP;2024;22;;;;;2028;-22;;;;;2026.0;545.0
-1;22000;RAINFOREST_RESIN;9995;21;;;;;10005;-21;;;;;10000.0;515.0
-1;22000;KELP;2024;21;;;;;2028;-21;;;;;2026.0;515.0
-1;22100;RAINFOREST_RESIN;9996;2;9995;22;;;10002;-7;10004;-2;10005;-22;9999.0;492.0
-1;22100;KELP;2024;23;;;;;2027;-24;;;;;2025.5;492.0
-1;22200;RAINFOREST_RESIN;9998;6;9996;1;9995;20;10004;-1;10005;-20;;;10001.0;512.0
-1;22200;KELP;2024;21;;;;;2027;-21;;;;;2025.5;512.0
-1;22300;RAINFOREST_RESIN;9996;1;9995;28;;;10004;-1;10005;-28;;;10000.0;474.0
-1;22300;KELP;2023;29;;;;;2026;-1;2027;-28;;;2024.5;474.0
-1;22400;RAINFOREST_RESIN;9996;2;9995;27;;;9998;-2;10004;-2;10005;-27;9997.0;443.0
-1;22400;KELP;2023;29;;;;;2026;-29;;;;;2024.5;443.0
-1;22500;RAINFOREST_RESIN;9996;2;9995;29;;;10004;-2;10005;-29;;;10000.0;481.5
-1;22500;KELP;2023;31;;;;;2026;-31;;;;;2024.5;481.5
-1;22600;RAINFOREST_RESIN;10000;0;9998;6;9996;2;10004;-2;10005;-20;;;10002.0;494.0
-1;22600;KELP;2024;0;2023;26;;;2026;-22;;;;;2025.0;494.0
-1;22700;RAINFOREST_RESIN;9996;2;9995;24;;;10004;-2;10005;-24;;;10000.0;478.5
-1;22700;KELP;2023;25;;;;;2026;-26;;;;;2024.5;478.5
-1;22800;RAINFOREST_RESIN;9996;1;9995;27;;;9998;-4;10004;-1;10005;-27;9997.0;462.0
-1;22800;KELP;2023;27;;;;;2026;-28;;;;;2024.5;462.0
-1;22900;RAINFOREST_RESIN;9996;2;9995;30;;;10002;-8;10004;-2;10005;-30;9999.0;476.0
-1;22900;KELP;2023;2;2022;30;;;2026;-32;;;;;2024.5;476.0
-1;23000;RAINFOREST_RESIN;9996;1;9995;21;;;10004;-1;10005;-21;;;10000.0;477.0
-1;23000;KELP;2022;22;;;;;2026;-22;;;;;2024.0;477.0
-1;23100;RAINFOREST_RESIN;9998;8;9995;23;;;10005;-23;;;;;10001.5;493.5
-1;23100;KELP;2023;23;;;;;2026;-23;;;;;2024.5;493.5
-1;23200;RAINFOREST_RESIN;9998;5;9996;2;9995;29;10004;-2;10005;-29;;;10001.0;477.5
-1;23200;KELP;2023;2;2022;29;;;2024;-6;2026;-31;;;2023.5;477.5
-1;23300;RAINFOREST_RESIN;9996;1;9995;29;;;10004;-1;10005;-29;;;10000.0;487.5
-1;23300;KELP;2023;30;;;;;2026;-30;;;;;2024.5;487.5
-1;23400;RAINFOREST_RESIN;9996;1;9995;29;;;10004;-1;10005;-29;;;10000.0;487.5
-1;23400;KELP;2023;30;;;;;2026;-30;;;;;2024.5;487.5
-1;23500;RAINFOREST_RESIN;9998;8;9996;2;9995;28;10004;-2;10005;-28;;;10001.0;486.0
-1;23500;KELP;2023;29;;;;;2025;-4;2026;-30;;;2024.0;486.0
-1;23600;RAINFOREST_RESIN;9995;27;;;;;10005;-27;;;;;10000.0;479.0
-1;23600;KELP;2022;27;;;;;2026;-27;;;;;2024.0;479.0
-1;23700;RAINFOREST_RESIN;10002;0;9996;2;9995;21;10004;-2;10005;-21;;;10003.0;499.0
-1;23700;KELP;2023;2;2022;21;;;2025;-7;2026;-23;;;2024.0;499.0
-1;23800;RAINFOREST_RESIN;9995;30;;;;;10005;-30;;;;;10000.0;498.0
-1;23800;KELP;2024;0;2022;30;;;2026;-30;;;;;2025.0;498.0
-1;23900;RAINFOREST_RESIN;9995;30;;;;;10005;-30;;;;;10000.0;505.5
-1;23900;KELP;2025;0;2023;1;2022;30;2026;-30;;;;;2025.5;505.5
-1;24000;RAINFOREST_RESIN;9998;9;9995;29;;;10005;-29;;;;;10001.5;492.0
-1;24000;KELP;2022;29;;;;;2026;-29;;;;;2024.0;492.0
-1;24100;RAINFOREST_RESIN;9996;1;9995;25;;;10004;-1;10005;-25;;;10000.0;516.0
-1;24100;KELP;2023;1;2022;25;;;2025;-3;2026;-26;;;2024.0;516.0
-1;24200;RAINFOREST_RESIN;9996;2;9995;28;;;10002;-6;10004;-2;10005;-28;9999.0;509.0
-1;24200;KELP;2023;30;;;;;2026;-30;;;;;2024.5;509.0
-1;24300;RAINFOREST_RESIN;9996;2;9995;24;;;10002;-1;10004;-2;10005;-24;9999.0;509.0
-1;24300;KELP;2023;26;;;;;2026;-26;;;;;2024.5;509.0
-1;24400;RAINFOREST_RESIN;10002;0;9998;4;9996;1;10004;-1;10005;-21;;;10003.0;577.5
-1;24400;KELP;2025;0;2023;22;;;2026;-22;;;;;2025.5;577.5
-1;24500;RAINFOREST_RESIN;10002;0;9996;1;9995;25;10004;-1;10005;-25;;;10003.0;557.0
-1;24500;KELP;2022;26;;;;;2026;-26;;;;;2024.0;557.0
-1;24600;RAINFOREST_RESIN;9995;24;;;;;9998;-4;10005;-24;;;9996.5;461.0
-1;24600;KELP;2022;24;;;;;2024;-4;2026;-24;;;2023.0;461.0
-1;24700;RAINFOREST_RESIN;9995;25;;;;;10005;-25;;;;;10000.0;532.5
-1;24700;KELP;2023;25;;;;;2026;-25;;;;;2024.5;532.5
-1;24800;RAINFOREST_RESIN;9995;23;;;;;10005;-23;;;;;10000.0;525.0
-1;24800;KELP;2022;23;;;;;2026;-23;;;;;2024.0;525.0
-1;24900;RAINFOREST_RESIN;10002;0;9996;1;9995;22;10004;-1;10005;-22;;;10003.0;577.0
-1;24900;KELP;2024;0;2022;23;;;2026;-23;;;;;2025.0;577.0
-1;25000;RAINFOREST_RESIN;9995;23;;;;;10005;-23;;;;;10000.0;532.5
-1;25000;KELP;2023;23;;;;;2026;-23;;;;;2024.5;532.5
-1;25100;RAINFOREST_RESIN;10002;0;9995;25;;;10005;-25;;;;;10003.5;556.0
-1;25100;KELP;2022;25;;;;;2024;-8;2026;-25;;;2023.0;556.0
-1;25200;RAINFOREST_RESIN;9996;1;9995;24;;;9998;-10;10004;-1;10005;-24;9997.0;488.0
-1;25200;KELP;2023;1;2022;24;;;2025;-3;2026;-25;;;2024.0;488.0
-1;25300;RAINFOREST_RESIN;9996;2;9995;22;;;10004;-2;10005;-22;;;10000.0;548.0
-1;25300;KELP;2023;4;2022;22;;;2026;-24;;;;;2024.5;548.0
-1;25400;RAINFOREST_RESIN;9996;1;9995;29;;;10004;-1;10005;-29;;;10000.0;560.0
-1;25400;KELP;2025;0;2023;30;;;2026;-30;;;;;2025.5;560.0
-1;25500;RAINFOREST_RESIN;9996;1;9995;20;;;9998;-12;10002;-9;10004;-1;9997.0;487.0
-1;25500;KELP;2022;21;;;;;2025;-21;;;;;2023.5;487.0
-1;25600;RAINFOREST_RESIN;9996;1;9995;22;;;10002;-7;10004;-1;10005;-22;9999.0;541.0
-1;25600;KELP;2023;31;;;;;2026;-23;;;;;2024.5;541.0
-1;25700;RAINFOREST_RESIN;9996;2;9995;30;;;10004;-2;10005;-30;;;10000.0;568.0
-1;25700;KELP;2023;32;;;;;2025;-6;2026;-32;;;2024.0;568.0
-1;25800;RAINFOREST_RESIN;10002;0;9995;24;;;10005;-24;;;;;10003.5;640.0
-1;25800;KELP;2023;23;;;;;2026;-24;;;;;2024.5;640.0
-1;25900;RAINFOREST_RESIN;9996;2;9995;23;;;10004;-2;10005;-23;;;10000.0;580.5
-1;25900;KELP;2023;25;;;;;2026;-25;;;;;2024.5;580.5
-1;26000;RAINFOREST_RESIN;9996;2;9995;27;;;10004;-2;10005;-27;;;10000.0;584.0
-1;26000;KELP;2023;22;;;;;2026;-29;;;;;2024.5;584.0
-1;26100;RAINFOREST_RESIN;9998;7;9995;20;;;10005;-20;;;;;10001.5;609.5
-1;26100;KELP;2023;20;;;;;2026;-20;;;;;2024.5;609.5
-1;26200;RAINFOREST_RESIN;9996;1;9995;22;;;10004;-1;10005;-22;;;10000.0;584.0
-1;26200;KELP;2023;23;;;;;2026;-23;;;;;2024.5;584.0
-1;26300;RAINFOREST_RESIN;9996;1;9995;29;;;9998;-2;10004;-1;10005;-29;9997.0;532.0
-1;26300;KELP;2023;30;;;;;2026;-30;;;;;2024.5;532.0
-1;26400;RAINFOREST_RESIN;9995;22;;;;;10005;-22;;;;;10000.0;586.5
-1;26400;KELP;2023;27;;;;;2026;-22;;;;;2024.5;586.5
-1;26500;RAINFOREST_RESIN;9996;1;9995;23;;;10004;-1;10005;-23;;;10000.0;586.5
-1;26500;KELP;2023;24;;;;;2026;-24;;;;;2024.5;586.5
-1;26600;RAINFOREST_RESIN;9996;2;9995;28;;;9998;-2;10004;-2;10005;-28;9997.0;531.5
-1;26600;KELP;2023;36;;;;;2026;-30;;;;;2024.5;531.5
-1;26700;RAINFOREST_RESIN;9998;2;9996;1;9995;23;10004;-1;10005;-23;;;10001.0;599.0
-1;26700;KELP;2023;24;;;;;2025;-6;2026;-24;;;2024.0;599.0
-1;26800;RAINFOREST_RESIN;9996;2;9995;28;;;10004;-2;10005;-28;;;10000.0;605.0
-1;26800;KELP;2025;0;2023;30;;;2026;-30;;;;;2025.5;605.0
-1;26900;RAINFOREST_RESIN;10002;0;9995;30;;;10005;-30;;;;;10003.5;654.5
-1;26900;KELP;2023;29;;;;;2026;-30;;;;;2024.5;654.5
-1;27000;RAINFOREST_RESIN;9995;28;;;;;10002;-1;10005;-28;;;9998.5;564.5
-1;27000;KELP;2023;30;;;;;2026;-28;;;;;2024.5;564.5
-1;27100;RAINFOREST_RESIN;9995;24;;;;;10005;-24;;;;;10000.0;591.5
-1;27100;KELP;2023;27;;;;;2026;-24;;;;;2024.5;591.5
-1;27200;RAINFOREST_RESIN;9998;2;9995;21;;;10005;-21;;;;;10001.5;610.0
-1;27200;KELP;2023;21;;;;;2025;-2;2026;-21;;;2024.0;610.0
-1;27300;RAINFOREST_RESIN;9996;2;9995;29;;;10004;-2;10005;-29;;;10000.0;607.5
-1;27300;KELP;2025;0;2023;31;;;2026;-31;;;;;2025.5;607.5
-1;27400;RAINFOREST_RESIN;9995;21;;;;;10005;-21;;;;;10000.0;592.5
-1;27400;KELP;2023;21;;;;;2026;-21;;;;;2024.5;592.5
-1;27500;RAINFOREST_RESIN;9996;1;9995;22;;;10004;-1;10005;-22;;;10000.0;585.0
-1;27500;KELP;2023;23;;;;;2025;-6;2026;-23;;;2024.0;585.0
-1;27600;RAINFOREST_RESIN;9998;5;9995;24;;;10005;-24;;;;;10001.5;619.5
-1;27600;KELP;2023;30;;;;;2026;-24;;;;;2024.5;619.5
-1;27700;RAINFOREST_RESIN;9995;24;;;;;10005;-24;;;;;10000.0;592.5
-1;27700;KELP;2023;19;;;;;2026;-24;;;;;2024.5;592.5
-1;27800;RAINFOREST_RESIN;9998;9;9996;2;9995;26;10004;-2;10005;-26;;;10001.0;604.0
-1;27800;KELP;2023;28;;;;;2025;-3;2026;-28;;;2024.0;604.0
-1;27900;RAINFOREST_RESIN;9996;2;9995;27;;;10002;-4;10004;-2;10005;-27;9999.0;588.0
-1;27900;KELP;2025;0;2023;29;;;2026;-29;;;;;2025.5;588.0
-1;28000;RAINFOREST_RESIN;9998;2;9995;28;;;10005;-28;;;;;10001.5;621.0
-1;28000;KELP;2023;28;;;;;2026;-28;;;;;2024.5;621.0
-1;28100;RAINFOREST_RESIN;9996;2;9995;24;;;10004;-2;10005;-24;;;10000.0;594.0
-1;28100;KELP;2023;26;;;;;2026;-26;;;;;2024.5;594.0
-1;28200;RAINFOREST_RESIN;9996;1;9995;25;;;9998;-4;10004;-1;10005;-25;9997.0;527.0
-1;28200;KELP;2023;26;;;;;2025;-10;2026;-1;2027;-25;2024.0;527.0
-1;28300;RAINFOREST_RESIN;9996;1;9995;23;;;10004;-1;10005;-23;;;10000.0;575.5
-1;28300;KELP;2023;24;;;;;2024;-8;2027;-24;;;2023.5;575.5
-1;28400;RAINFOREST_RESIN;9996;2;9995;23;;;10004;-2;10005;-23;;;10000.0;611.0
-1;28400;KELP;2023;24;;;;;2027;-25;;;;;2025.0;611.0
-1;28500;RAINFOREST_RESIN;9998;10;9995;23;;;10005;-23;;;;;10001.5;641.0
-1;28500;KELP;2023;23;;;;;2027;-23;;;;;2025.0;641.0
-1;28600;RAINFOREST_RESIN;10002;0;9996;2;9995;21;10004;-2;10005;-21;;;10003.0;638.0
-1;28600;KELP;2023;23;;;;;2025;-16;2027;-23;;;2024.0;638.0
-1;28700;RAINFOREST_RESIN;9995;30;;;;;10005;-30;;;;;10000.0;613.0
-1;28700;KELP;2023;30;;;;;2027;-30;;;;;2025.0;613.0
-1;28800;RAINFOREST_RESIN;9995;27;;;;;10005;-27;;;;;10000.0;629.0
-1;28800;KELP;2024;27;;;;;2027;-27;;;;;2025.5;629.0
-1;28900;RAINFOREST_RESIN;9998;7;9996;1;9995;21;10004;-1;10005;-21;;;10001.0;648.0
-1;28900;KELP;2024;26;;;;;2027;-22;;;;;2025.5;648.0
-1;29000;RAINFOREST_RESIN;9995;24;;;;;10005;-24;;;;;10000.0;661.5
-1;29000;KELP;2024;23;;;;;2027;-24;;;;;2025.5;661.5
-1;29100;RAINFOREST_RESIN;9996;2;9995;26;;;10004;-2;10005;-26;;;10000.0;661.5
-1;29100;KELP;2024;31;;;;;2027;-28;;;;;2025.5;661.5
-1;29200;RAINFOREST_RESIN;9996;1;9995;30;;;10004;-1;10005;-30;;;10000.0;694.0
-1;29200;KELP;2026;0;2024;31;;;2027;-31;;;;;2026.5;694.0
-1;29300;RAINFOREST_RESIN;9996;2;9995;30;;;10002;-3;10004;-2;10005;-30;9999.0;635.0
-1;29300;KELP;2024;32;;;;;2026;-2;2027;-32;;;2025.0;635.0
-1;29400;RAINFOREST_RESIN;10002;0;9996;1;9995;25;10004;-1;10005;-25;;;10003.0;694.5
-1;29400;KELP;2024;25;;;;;2027;-26;;;;;2025.5;694.5
-1;29500;RAINFOREST_RESIN;9996;2;9995;27;;;10004;-2;10005;-27;;;10000.0;664.5
-1;29500;KELP;2024;31;;;;;2027;-29;;;;;2025.5;664.5
-1;29600;RAINFOREST_RESIN;9996;2;9995;28;;;10004;-2;10005;-28;;;10000.0;631.5
-1;29600;KELP;2024;2;2023;28;;;2025;-3;2027;-30;;;2024.5;631.5
-1;29700;RAINFOREST_RESIN;9996;1;9995;25;;;10002;-4;10004;-1;10005;-25;9999.0;655.0
-1;29700;KELP;2024;28;;;;;2027;-26;;;;;2025.5;655.0
-1;29800;RAINFOREST_RESIN;9998;6;9996;1;9995;30;10004;-1;10005;-30;;;10001.0;658.0
-1;29800;KELP;2024;31;;;;;2026;-1;2027;-1;2028;-30;2025.0;658.0
-1;29900;RAINFOREST_RESIN;9995;21;;;;;10005;-21;;;;;10000.0;699.0
-1;29900;KELP;2025;8;2024;21;;;2028;-21;;;;;2026.5;699.0
-1;30000;RAINFOREST_RESIN;9998;3;9996;1;9995;30;10004;-1;10005;-30;;;10001.0;692.0
-1;30000;KELP;2024;31;;;;;2028;-31;;;;;2026.0;692.0
-1;30100;RAINFOREST_RESIN;9996;2;9995;28;;;10004;-2;10005;-28;;;10000.0;665.0
-1;30100;KELP;2024;30;;;;;2027;-30;;;;;2025.5;665.0
-1;30200;RAINFOREST_RESIN;9996;2;9995;20;;;10004;-2;10005;-20;;;10000.0;670.0
-1;30200;KELP;2024;22;;;;;2027;-22;;;;;2025.5;670.0
-1;30300;RAINFOREST_RESIN;9996;2;9995;29;;;10002;-9;10004;-2;10005;-29;9999.0;683.0
-1;30300;KELP;2026;0;2024;31;;;2027;-31;;;;;2026.5;683.0
-1;30400;RAINFOREST_RESIN;10000;0;9996;2;9995;29;10002;-8;10004;-2;10005;-29;10001.0;687.0
-1;30400;KELP;2025;5;2024;31;;;2027;-31;;;;;2026.0;687.0
-1;30500;RAINFOREST_RESIN;9998;5;9996;2;9995;20;10004;-2;10005;-20;;;10001.0;676.0
-1;30500;KELP;2024;22;;;;;2027;-22;;;;;2025.5;676.0
-1;30600;RAINFOREST_RESIN;9996;2;9995;20;;;10002;-4;10004;-2;10005;-20;9999.0;668.0
-1;30600;KELP;2024;1;2023;20;;;2027;-22;;;;;2025.5;668.0
-1;30700;RAINFOREST_RESIN;9995;30;;;;;10005;-30;;;;;10000.0;673.0
-1;30700;KELP;2024;30;;;;;2027;-30;;;;;2025.5;673.0
-1;30800;RAINFOREST_RESIN;9996;1;9995;30;;;10004;-1;10005;-30;;;10000.0;673.0
-1;30800;KELP;2024;4;2023;30;;;2027;-31;;;;;2025.5;673.0
-1;30900;RAINFOREST_RESIN;9996;2;9995;28;;;10002;-6;10004;-2;10005;-28;9999.0;635.0
-1;30900;KELP;2023;30;;;;;2025;-7;2026;-30;;;2024.0;635.0
-1;31000;RAINFOREST_RESIN;10000;0;9996;1;9995;22;10004;-1;10005;-22;;;10002.0;660.0
-1;31000;KELP;2024;0;2023;30;;;2026;-23;;;;;2025.0;660.0
-1;31100;RAINFOREST_RESIN;9996;2;9995;27;;;10004;-2;10005;-27;;;10000.0;649.0
-1;31100;KELP;2023;29;;;;;2026;-2;2027;-27;;;2024.5;649.0
-1;31200;RAINFOREST_RESIN;9996;2;9995;29;;;10002;-6;10004;-2;10005;-29;9999.0;648.0
-1;31200;KELP;2023;31;;;;;2026;-31;;;;;2024.5;648.0
-1;31300;RAINFOREST_RESIN;9996;1;9995;23;;;10004;-1;10005;-23;;;10000.0;655.5
-1;31300;KELP;2023;24;;;;;2026;-24;;;;;2024.5;655.5
-1;31400;RAINFOREST_RESIN;9995;26;;;;;9998;-2;10005;-26;;;9996.5;650.5
-1;31400;KELP;2023;26;;;;;2026;-26;;;;;2024.5;650.5
-1;31500;RAINFOREST_RESIN;9995;30;;;;;10005;-30;;;;;10000.0;657.5
-1;31500;KELP;2023;35;;;;;2026;-30;;;;;2024.5;657.5
-1;31600;RAINFOREST_RESIN;9995;27;;;;;10005;-27;;;;;10000.0;687.5
-1;31600;KELP;2025;0;2023;27;;;2026;-27;;;;;2025.5;687.5
-1;31700;RAINFOREST_RESIN;9996;2;9995;22;;;10004;-2;10005;-22;;;10000.0;644.0
-1;31700;KELP;2023;24;;;;;2025;-3;2026;-24;;;2024.0;644.0
-1;31800;RAINFOREST_RESIN;10000;0;9996;1;9995;25;10004;-1;10005;-25;;;10002.0;665.0
-1;31800;KELP;2024;6;2023;26;;;2026;-1;2027;-25;;;2025.0;665.0
-1;31900;RAINFOREST_RESIN;9998;3;9995;28;;;10005;-28;;;;;10001.5;686.5
-1;31900;KELP;2024;4;2023;28;;;2027;-28;;;;;2025.5;686.5
-1;32000;RAINFOREST_RESIN;9996;1;9995;24;;;10004;-1;10005;-24;;;10000.0;681.0
-1;32000;KELP;2024;2;2023;25;;;2026;-1;2027;-24;;;2025.0;681.0
-1;32100;RAINFOREST_RESIN;9996;1;9995;28;;;10004;-1;10005;-28;;;10000.0;666.5
-1;32100;KELP;2023;29;;;;;2026;-29;;;;;2024.5;666.5
-1;32200;RAINFOREST_RESIN;9996;1;9995;27;;;10004;-1;10005;-27;;;10000.0;681.0
-1;32200;KELP;2023;28;;;;;2027;-28;;;;;2025.0;681.0
-1;32300;RAINFOREST_RESIN;9995;25;;;;;10005;-25;;;;;10000.0;666.5
-1;32300;KELP;2023;25;;;;;2026;-25;;;;;2024.5;666.5
-1;32400;RAINFOREST_RESIN;9996;1;9995;30;;;10004;-1;10005;-30;;;10000.0;666.5
-1;32400;KELP;2023;30;;;;;2026;-1;2027;-30;;;2024.5;666.5
-1;32500;RAINFOREST_RESIN;9998;1;9996;1;9995;21;10004;-1;10005;-21;;;10001.0;646.0
-1;32500;KELP;2023;21;;;;;2025;-5;2027;-22;;;2024.0;646.0
-1;32600;RAINFOREST_RESIN;10002;0;9995;30;;;10005;-30;;;;;10003.5;662.5
-1;32600;KELP;2023;30;;;;;2027;-30;;;;;2025.0;662.5
-1;32700;RAINFOREST_RESIN;9996;2;9995;22;;;10004;-2;10005;-22;;;10000.0;680.0
-1;32700;KELP;2023;24;;;;;2026;-2;2027;-22;;;2024.5;680.0
-1;32800;RAINFOREST_RESIN;9996;2;9995;28;;;10004;-2;10005;-28;;;10000.0;688.0
-1;32800;KELP;2023;30;;;;;2026;-2;2027;-28;;;2024.5;688.0
-1;32900;RAINFOREST_RESIN;9996;2;9995;27;;;10004;-2;10005;-27;;;10000.0;688.0
-1;32900;KELP;2023;29;;;;;2026;-2;2027;-27;;;2024.5;688.0
-1;33000;RAINFOREST_RESIN;9996;2;9995;28;;;10004;-2;10005;-28;;;10000.0;715.5
-1;33000;KELP;2025;0;2023;30;;;2026;-30;;;;;2025.5;715.5
-1;33100;RAINFOREST_RESIN;9996;1;9995;28;;;10004;-1;10005;-28;;;10000.0;675.0
-1;33100;KELP;2023;28;;;;;2025;-3;2026;-29;;;2024.0;675.0
-1;33200;RAINFOREST_RESIN;9996;1;9995;20;;;10002;-7;10004;-1;10005;-20;9999.0;657.0
-1;33200;KELP;2023;20;;;;;2024;-33;2026;-1;2027;-20;2023.5;657.0
-1;33300;RAINFOREST_RESIN;9996;1;9995;20;;;10004;-1;10005;-20;;;10000.0;750.0
-1;33300;KELP;2024;1;2023;20;;;2027;-21;;;;;2025.5;750.0
-1;33400;RAINFOREST_RESIN;9996;2;9995;30;;;10002;-3;10004;-2;10005;-30;9999.0;732.0
-1;33400;KELP;2023;32;;;;;2027;-32;;;;;2025.0;732.0
-1;33500;RAINFOREST_RESIN;9996;1;9995;20;;;10004;-1;10005;-20;;;10000.0;704.5
-1;33500;KELP;2023;21;;;;;2026;-21;;;;;2024.5;704.5
-1;33600;RAINFOREST_RESIN;10002;0;9995;27;;;10005;-27;;;;;10003.5;667.5
-1;33600;KELP;2023;27;;;;;2026;-27;;;;;2024.5;667.5
-1;33700;RAINFOREST_RESIN;9996;1;9995;27;;;10002;-1;10004;-1;10005;-27;9999.0;730.5
-1;33700;KELP;2023;32;;;;;2026;-28;;;;;2024.5;730.5
-1;33800;RAINFOREST_RESIN;9996;1;9995;25;;;10004;-1;10005;-25;;;10000.0;738.0
-1;33800;KELP;2024;0;2023;31;;;2026;-26;;;;;2025.0;738.0
-1;33900;RAINFOREST_RESIN;9995;24;;;;;10005;-24;;;;;10000.0;715.0
-1;33900;KELP;2023;24;;;;;2026;-24;;;;;2024.5;715.0
-1;34000;RAINFOREST_RESIN;10002;0;9995;30;;;10005;-30;;;;;10003.5;642.5
-1;34000;KELP;2023;29;;;;;2025;-8;2026;-30;;;2024.0;642.5
-1;34100;RAINFOREST_RESIN;9996;1;9995;22;;;10004;-1;10005;-22;;;10000.0;730.5
-1;34100;KELP;2023;25;;;;;2026;-23;;;;;2024.5;730.5
-1;34200;RAINFOREST_RESIN;9995;23;;;;;10005;-23;;;;;10000.0;660.0
-1;34200;KELP;2022;23;;;;;2024;-1;2026;-23;;;2023.0;660.0
-1;34300;RAINFOREST_RESIN;10002;0;9996;1;9995;22;10004;-1;10005;-22;;;10003.0;673.0
-1;34300;KELP;2022;23;;;;;2026;-23;;;;;2024.0;673.0
-1;34400;RAINFOREST_RESIN;9996;2;9995;23;;;10004;-2;10005;-23;;;10000.0;712.0
-1;34400;KELP;2023;3;2022;25;;;2025;-2;2026;-23;;;2024.0;712.0
-1;34500;RAINFOREST_RESIN;9995;30;;;;;10005;-30;;;;;10000.0;637.0
-1;34500;KELP;2022;30;;;;;2023;-5;2024;-1;2026;-30;2022.5;637.0
-1;34600;RAINFOREST_RESIN;9995;29;;;;;10005;-29;;;;;10000.0;637.0
-1;34600;KELP;2022;29;;;;;2023;-1;2026;-29;;;2022.5;637.0
-1;34700;RAINFOREST_RESIN;9998;6;9995;24;;;10005;-24;;;;;10001.5;717.5
-1;34700;KELP;2023;24;;;;;2026;-24;;;;;2024.5;717.5
-1;34800;RAINFOREST_RESIN;9996;2;9995;23;;;10004;-2;10005;-23;;;10000.0;737.0
-1;34800;KELP;2023;2;2022;23;;;2026;-25;;;;;2024.5;737.0
-1;34900;RAINFOREST_RESIN;9996;1;9995;20;;;10004;-1;10005;-20;;;10000.0;737.0
-1;34900;KELP;2023;21;;;;;2026;-21;;;;;2024.5;737.0
-1;35000;RAINFOREST_RESIN;10002;0;9995;20;;;10005;-20;;;;;10003.5;739.0
-1;35000;KELP;2025;0;2023;20;;;2026;-20;;;;;2025.5;739.0
-1;35100;RAINFOREST_RESIN;10002;0;9996;2;9995;29;10004;-2;10005;-29;;;10003.0;695.0
-1;35100;KELP;2023;31;;;;;2026;-31;;;;;2024.5;695.0
-1;35200;RAINFOREST_RESIN;9996;2;9995;28;;;10002;-10;10004;-2;10005;-28;9999.0;763.0
-1;35200;KELP;2023;33;;;;;2026;-30;;;;;2024.5;763.0
-1;35300;RAINFOREST_RESIN;9998;6;9996;1;9995;27;10004;-1;10005;-27;;;10001.0;732.5
-1;35300;KELP;2023;20;;;;;2026;-28;;;;;2024.5;732.5
-1;35400;RAINFOREST_RESIN;10002;0;9995;25;;;10005;-25;;;;;10003.5;733.5
-1;35400;KELP;2025;0;2023;27;;;2026;-25;;;;;2025.5;733.5
-1;35500;RAINFOREST_RESIN;9996;2;9995;26;;;10004;-2;10005;-26;;;10000.0;756.5
-1;35500;KELP;2023;28;;;;;2026;-28;;;;;2024.5;756.5
-1;35600;RAINFOREST_RESIN;9995;26;;;;;10005;-26;;;;;10000.0;756.5
-1;35600;KELP;2023;26;;;;;2026;-26;;;;;2024.5;756.5
-1;35700;RAINFOREST_RESIN;9996;2;9995;27;;;10004;-2;10005;-27;;;10000.0;756.5
-1;35700;KELP;2023;29;;;;;2026;-29;;;;;2024.5;756.5
-1;35800;RAINFOREST_RESIN;9998;7;9996;1;9995;30;10004;-1;10005;-30;;;10001.0;739.5
-1;35800;KELP;2023;29;;;;;2026;-31;;;;;2024.5;739.5
-1;35900;RAINFOREST_RESIN;9996;2;9995;21;;;10004;-2;10005;-21;;;10000.0;759.5
-1;35900;KELP;2023;2;2022;21;;;2026;-23;;;;;2024.5;759.5
-1;36000;RAINFOREST_RESIN;9995;30;;;;;10002;-5;10005;-30;;;9998.5;716.0
-1;36000;KELP;2022;30;;;;;2024;-3;2026;-30;;;2023.0;716.0
-1;36100;RAINFOREST_RESIN;10002;0;9996;2;9995;24;10004;-2;10005;-24;;;10003.0;642.5
-1;36100;KELP;2022;26;;;;;2025;-2;2026;-24;;;2023.5;642.5
-1;36200;RAINFOREST_RESIN;9996;1;9995;29;;;9998;-2;10004;-1;10005;-29;9997.0;809.5
-1;36200;KELP;2022;30;;;;;2025;-1;2026;-29;;;2023.5;809.5
-1;36300;RAINFOREST_RESIN;9996;1;9995;21;;;10004;-1;10005;-21;;;10000.0;704.0
-1;36300;KELP;2022;22;;;;;2024;-6;2025;-22;;;2023.0;704.0
-1;36400;RAINFOREST_RESIN;9998;1;9996;1;9995;20;10004;-1;10005;-20;;;10001.0;750.0
-1;36400;KELP;2024;0;2023;3;2022;21;2025;-1;2026;-20;;;2024.5;750.0
-1;36500;RAINFOREST_RESIN;9995;25;;;;;10005;-25;;;;;10000.0;680.0
-1;36500;KELP;2022;25;;;;;2023;-4;2025;-25;;;2022.5;680.0
-1;36600;RAINFOREST_RESIN;9996;1;9995;28;;;10004;-1;10005;-28;;;10000.0;730.0
-1;36600;KELP;2022;29;;;;;2025;-29;;;;;2023.5;730.0
-1;36700;RAINFOREST_RESIN;9995;21;;;;;10005;-21;;;;;10000.0;705.0
-1;36700;KELP;2021;21;;;;;2025;-21;;;;;2023.0;705.0
-1;36800;RAINFOREST_RESIN;9995;30;;;;;10005;-30;;;;;10000.0;705.0
-1;36800;KELP;2021;30;;;;;2025;-30;;;;;2023.0;705.0
-1;36900;RAINFOREST_RESIN;9996;1;9995;26;;;10004;-1;10005;-26;;;10000.0;680.0
-1;36900;KELP;2021;27;;;;;2024;-27;;;;;2022.5;680.0
-1;37000;RAINFOREST_RESIN;9996;2;9995;23;;;10004;-2;10005;-23;;;10000.0;655.0
-1;37000;KELP;2020;25;;;;;2024;-25;;;;;2022.0;655.0
-1;37100;RAINFOREST_RESIN;9996;2;9995;21;;;10004;-2;10005;-21;;;10000.0;680.0
-1;37100;KELP;2021;27;;;;;2024;-23;;;;;2022.5;680.0
-1;37200;RAINFOREST_RESIN;9996;1;9995;20;;;10004;-1;10005;-20;;;10000.0;680.0
-1;37200;KELP;2021;25;;;;;2024;-21;;;;;2022.5;680.0
-1;37300;RAINFOREST_RESIN;9996;1;9995;27;;;9998;-20;10002;-4;10004;-1;9997.0;776.0
-1;37300;KELP;2022;4;2021;28;;;2024;-1;2025;-27;;;2023.0;776.0
-1;37400;RAINFOREST_RESIN;10002;0;9998;2;9995;30;10005;-30;;;;;10003.5;639.0
-1;37400;KELP;2021;30;;;;;2024;-30;;;;;2022.5;639.0
-1;37500;RAINFOREST_RESIN;9996;2;9995;25;;;10004;-2;10005;-25;;;10000.0;681.0
-1;37500;KELP;2020;27;;;;;2024;-27;;;;;2022.0;681.0
-1;37600;RAINFOREST_RESIN;9995;22;;;;;10002;-7;10005;-22;;;9998.5;706.5
-1;37600;KELP;2020;22;;;;;2024;-22;;;;;2022.0;706.5
-1;37700;RAINFOREST_RESIN;9996;1;9995;23;;;10004;-1;10005;-23;;;10000.0;681.0
-1;37700;KELP;2020;24;;;;;2024;-24;;;;;2022.0;681.0
-1;37800;RAINFOREST_RESIN;9995;25;;;;;10005;-25;;;;;10000.0;681.0
-1;37800;KELP;2020;24;;;;;2024;-25;;;;;2022.0;681.0
-1;37900;RAINFOREST_RESIN;9995;25;;;;;10005;-25;;;;;10000.0;631.0
-1;37900;KELP;2019;25;;;;;2023;-25;;;;;2021.0;631.0
-1;38000;RAINFOREST_RESIN;10002;0;9996;2;9995;30;10004;-2;10005;-30;;;10003.0;529.0
-1;38000;KELP;2019;32;;;;;2021;-4;2023;-32;;;2020.0;529.0
-1;38100;RAINFOREST_RESIN;9996;2;9995;26;;;10002;-2;10004;-2;10005;-26;9999.0;626.0
-1;38100;KELP;2019;28;;;;;2022;-2;2023;-26;;;2020.5;626.0
-1;38200;RAINFOREST_RESIN;9996;1;9995;27;;;10004;-1;10005;-27;;;10000.0;633.0
-1;38200;KELP;2019;28;;;;;2023;-28;;;;;2021.0;633.0
-1;38300;RAINFOREST_RESIN;9998;5;9995;26;;;10005;-26;;;;;10001.5;581.0
-1;38300;KELP;2019;26;;;;;2022;-26;;;;;2020.5;581.0
-1;38400;RAINFOREST_RESIN;9996;1;9995;23;;;10000;-12;10004;-1;10005;-23;9998.0;585.0
-1;38400;KELP;2019;24;;;;;2020;-6;2022;-24;;;2019.5;585.0
-1;38500;RAINFOREST_RESIN;10002;0;9995;21;;;10005;-21;;;;;10003.5;561.5
-1;38500;KELP;2019;21;;;;;2022;-21;;;;;2020.5;561.5
-1;38600;RAINFOREST_RESIN;9996;2;9995;28;;;10004;-2;10005;-28;;;10000.0;612.5
-1;38600;KELP;2019;30;;;;;2022;-30;;;;;2020.5;612.5
-1;38700;RAINFOREST_RESIN;9995;20;;;;;10005;-20;;;;;10000.0;612.5
-1;38700;KELP;2019;20;;;;;2022;-20;;;;;2020.5;612.5
-1;38800;RAINFOREST_RESIN;9996;1;9995;20;;;10002;-1;10004;-1;10005;-20;9999.0;582.5
-1;38800;KELP;2019;21;;;;;2020;-2;2021;-1;2022;-21;2019.5;582.5
-1;38900;RAINFOREST_RESIN;9996;2;9995;30;;;10004;-2;10005;-30;;;10000.0;594.0
-1;38900;KELP;2019;32;;;;;2021;-7;2022;-2;2023;-30;2020.0;594.0
-1;39000;RAINFOREST_RESIN;9995;23;;;;;10002;-9;10005;-23;;;9998.5;655.5
-1;39000;KELP;2019;23;;;;;2023;-23;;;;;2021.0;655.5
-1;39100;RAINFOREST_RESIN;9998;8;9996;1;9995;24;10004;-1;10005;-24;;;10001.0;650.5
-1;39100;KELP;2020;25;;;;;2023;-25;;;;;2021.5;650.5
-1;39200;RAINFOREST_RESIN;9996;1;9995;29;;;10004;-1;10005;-29;;;10000.0;640.0
-1;39200;KELP;2020;30;;;;;2022;-2;2023;-30;;;2021.0;640.0
-1;39300;RAINFOREST_RESIN;9995;27;;;;;10005;-27;;;;;10000.0;662.0
-1;39300;KELP;2020;27;;;;;2023;-27;;;;;2021.5;662.0
-1;39400;RAINFOREST_RESIN;9996;1;9995;30;;;10004;-1;10005;-30;;;10000.0;645.0
-1;39400;KELP;2020;31;;;;;2022;-5;2023;-31;;;2021.0;645.0
-1;39500;RAINFOREST_RESIN;9995;27;;;;;9998;-2;10002;-2;10005;-27;9996.5;642.5
-1;39500;KELP;2019;27;;;;;2021;-3;2022;-27;;;2020.0;642.5
-1;39600;RAINFOREST_RESIN;9995;23;;;;;10005;-23;;;;;10000.0;686.0
-1;39600;KELP;2021;0;2019;23;;;2023;-23;;;;;2022.0;686.0
-1;39700;RAINFOREST_RESIN;9996;2;9995;22;;;10004;-2;10005;-22;;;10000.0;627.5
-1;39700;KELP;2019;28;;;;;2022;-2;2023;-22;;;2020.5;627.5
-1;39800;RAINFOREST_RESIN;9996;1;9995;27;;;10004;-1;10005;-27;;;10000.0;627.5
-1;39800;KELP;2019;28;;;;;2022;-1;2023;-27;;;2020.5;627.5
-1;39900;RAINFOREST_RESIN;9996;1;9995;30;;;10002;-4;10004;-1;10005;-30;9999.0;638.5
-1;39900;KELP;2019;31;;;;;2022;-31;;;;;2020.5;638.5
-1;40000;RAINFOREST_RESIN;9995;22;;;;;10005;-22;;;;;10000.0;608.0
-1;40000;KELP;2018;22;;;;;2022;-22;;;;;2020.0;608.0
-1;40100;RAINFOREST_RESIN;9996;2;9995;29;;;10002;-8;10004;-2;10005;-29;9999.0;638.5
-1;40100;KELP;2019;31;;;;;2022;-31;;;;;2020.5;638.5
-1;40200;RAINFOREST_RESIN;9996;1;9995;28;;;10004;-1;10005;-28;;;10000.0;627.5
-1;40200;KELP;2019;1;2018;28;;;2022;-29;;;;;2020.5;627.5
-1;40300;RAINFOREST_RESIN;9995;22;;;;;9998;-2;10005;-22;;;9996.5;664.5
-1;40300;KELP;2019;22;;;;;2022;-22;;;;;2020.5;664.5
-1;40400;RAINFOREST_RESIN;9996;1;9995;23;;;10004;-1;10005;-23;;;10000.0;610.0
-1;40400;KELP;2018;24;;;;;2022;-24;;;;;2020.0;610.0
-1;40500;RAINFOREST_RESIN;10002;0;9996;2;9995;27;10004;-2;10005;-27;;;10003.0;600.0
-1;40500;KELP;2019;1;2018;27;;;2022;-29;;;;;2020.5;600.0
-1;40600;RAINFOREST_RESIN;9996;2;9995;24;;;10004;-2;10005;-24;;;10000.0;633.0
-1;40600;KELP;2019;4;2018;26;;;2022;-26;;;;;2020.5;633.0
-1;40700;RAINFOREST_RESIN;9998;7;9996;2;9995;20;10004;-2;10005;-20;;;10001.0;582.0
-1;40700;KELP;2018;22;;;;;2021;-22;;;;;2019.5;582.0
-1;40800;RAINFOREST_RESIN;9995;27;;;;;10005;-27;;;;;10000.0;593.0
-1;40800;KELP;2018;27;;;;;2021;-27;;;;;2019.5;593.0
-1;40900;RAINFOREST_RESIN;9998;10;9996;2;9995;26;10004;-2;10005;-26;;;10001.0;595.0
-1;40900;KELP;2017;28;;;;;2021;-28;;;;;2019.0;595.0
-1;41000;RAINFOREST_RESIN;9995;21;;;;;10002;-10;10005;-21;;;9998.5;650.0
-1;41000;KELP;2018;20;;;;;2020;-3;2021;-21;;;2019.0;650.0
-1;41100;RAINFOREST_RESIN;9995;27;;;;;10005;-27;;;;;10000.0;638.5
-1;41100;KELP;2018;24;;;;;2021;-27;;;;;2019.5;638.5
-1;41200;RAINFOREST_RESIN;9995;29;;;;;10005;-29;;;;;10000.0;638.5
-1;41200;KELP;2018;29;;;;;2021;-29;;;;;2019.5;638.5
-1;41300;RAINFOREST_RESIN;9998;2;9996;1;9995;24;10004;-1;10005;-24;;;10001.0;552.0
-1;41300;KELP;2017;25;;;;;2019;-4;2021;-25;;;2018.0;552.0
-1;41400;RAINFOREST_RESIN;9998;5;9996;2;9995;23;10000;-8;10004;-2;10005;-23;9999.0;570.5
-1;41400;KELP;2017;25;;;;;2018;-4;2019;-5;2020;-25;2017.5;570.5
-1;41500;RAINFOREST_RESIN;9998;8;9996;2;9995;20;10004;-2;10005;-20;;;10001.0;556.0
-1;41500;KELP;2017;22;;;;;2019;-1;2021;-22;;;2018.0;556.0
-1;41600;RAINFOREST_RESIN;9996;1;9995;22;;;10004;-1;10005;-22;;;10000.0;574.0
-1;41600;KELP;2017;23;;;;;2019;-7;2020;-1;2021;-22;2018.0;574.0
-1;41700;RAINFOREST_RESIN;10000;0;9995;21;;;10005;-21;;;;;10002.5;600.5
-1;41700;KELP;2019;0;2017;21;;;2021;-21;;;;;2020.0;600.5
-1;41800;RAINFOREST_RESIN;9996;2;9995;22;;;10004;-2;10005;-22;;;10000.0;638.0
-1;41800;KELP;2018;24;;;;;2021;-24;;;;;2019.5;638.0
-1;41900;RAINFOREST_RESIN;9996;1;9995;21;;;9998;-8;10004;-1;10005;-21;9997.0;683.0
-1;41900;KELP;2018;22;;;;;2020;-1;2021;-22;;;2019.0;683.0
-1;42000;RAINFOREST_RESIN;9996;2;9995;30;;;10004;-2;10005;-30;;;10000.0;631.0
-1;42000;KELP;2018;31;;;;;2020;-5;2021;-32;;;2019.0;631.0
-1;42100;RAINFOREST_RESIN;9998;8;9996;2;9995;21;10004;-2;10005;-21;;;10001.0;630.0
-1;42100;KELP;2018;23;;;;;2021;-2;2022;-21;;;2019.5;630.0
-1;42200;RAINFOREST_RESIN;10002;0;9995;28;;;10005;-28;;;;;10003.5;599.0
-1;42200;KELP;2018;28;;;;;2022;-28;;;;;2020.0;599.0
-1;42300;RAINFOREST_RESIN;9995;20;;;;;10005;-20;;;;;10000.0;608.0
-1;42300;KELP;2018;20;;;;;2019;-21;2020;-2;2022;-20;2018.5;608.0
-1;42400;RAINFOREST_RESIN;9996;2;9995;29;;;10004;-2;10005;-29;;;10000.0;708.0
-1;42400;KELP;2019;30;;;;;2022;-31;;;;;2020.5;708.0
-1;42500;RAINFOREST_RESIN;9995;24;;;;;10002;-3;10005;-24;;;9998.5;738.0
-1;42500;KELP;2019;24;;;;;2022;-24;;;;;2020.5;738.0
-1;42600;RAINFOREST_RESIN;9995;26;;;;;10005;-26;;;;;10000.0;716.0
-1;42600;KELP;2019;26;;;;;2022;-26;;;;;2020.5;716.0
-1;42700;RAINFOREST_RESIN;9995;26;;;;;10005;-26;;;;;10000.0;691.0
-1;42700;KELP;2018;26;;;;;2022;-26;;;;;2020.0;691.0
-1;42800;RAINFOREST_RESIN;9995;30;;;;;10005;-30;;;;;10000.0;716.0
-1;42800;KELP;2019;30;;;;;2022;-30;;;;;2020.5;716.0
-1;42900;RAINFOREST_RESIN;9995;25;;;;;10005;-25;;;;;10000.0;727.0
-1;42900;KELP;2019;25;;;;;2022;-25;;;;;2020.5;727.0
-1;43000;RAINFOREST_RESIN;9995;23;;;;;10005;-23;;;;;10000.0;775.0
-1;43000;KELP;2020;2;2019;23;;;2023;-23;;;;;2021.5;775.0
-1;43100;RAINFOREST_RESIN;9995;21;;;;;10005;-21;;;;;10000.0;775.0
-1;43100;KELP;2020;21;;;;;2023;-21;;;;;2021.5;775.0
-1;43200;RAINFOREST_RESIN;9996;1;9995;20;;;10004;-1;10005;-20;;;10000.0;751.0
-1;43200;KELP;2019;21;;;;;2023;-21;;;;;2021.0;751.0
-1;43300;RAINFOREST_RESIN;9996;1;9995;24;;;10004;-1;10005;-24;;;10000.0;703.0
-1;43300;KELP;2019;25;;;;;2021;-2;2023;-25;;;2020.0;703.0
-1;43400;RAINFOREST_RESIN;9996;2;9995;22;;;10004;-2;10005;-22;;;10000.0;799.0
-1;43400;KELP;2021;4;2020;24;;;2023;-24;;;;;2022.0;799.0
-1;43500;RAINFOREST_RESIN;9998;7;9995;23;;;10005;-23;;;;;10001.5;721.0
-1;43500;KELP;2020;22;;;;;2022;-7;2023;-23;;;2021.0;721.0
-1;43600;RAINFOREST_RESIN;9996;2;9995;21;;;10002;-9;10004;-2;10005;-21;9999.0;795.5
-1;43600;KELP;2020;5;2019;21;;;2023;-23;;;;;2021.5;795.5
-1;43700;RAINFOREST_RESIN;9996;1;9995;23;;;10004;-1;10005;-23;;;10000.0;775.5
-1;43700;KELP;2020;24;;;;;2023;-24;;;;;2021.5;775.5
-1;43800;RAINFOREST_RESIN;9996;2;9995;26;;;10004;-2;10005;-26;;;10000.0;775.5
-1;43800;KELP;2020;35;;;;;2023;-28;;;;;2021.5;775.5
-1;43900;RAINFOREST_RESIN;10002;0;9998;2;9996;1;10004;-1;10005;-29;;;10003.0;711.5
-1;43900;KELP;2020;36;;;;;2023;-30;;;;;2021.5;711.5
-1;44000;RAINFOREST_RESIN;9996;2;9995;20;;;10004;-2;10005;-20;;;10000.0;759.0
-1;44000;KELP;2020;22;;;;;2022;-3;2023;-22;;;2021.0;759.0
-1;44100;RAINFOREST_RESIN;9995;24;;;;;9998;-2;10002;-2;10005;-24;9996.5;841.5
-1;44100;KELP;2019;24;;;;;2023;-24;;;;;2021.0;841.5
-1;44200;RAINFOREST_RESIN;9995;21;;;;;10005;-21;;;;;10000.0;761.0
-1;44200;KELP;2019;21;;;;;2023;-21;;;;;2021.0;761.0
-1;44300;RAINFOREST_RESIN;9995;27;;;;;10005;-27;;;;;10000.0;761.0
-1;44300;KELP;2019;27;;;;;2023;-27;;;;;2021.0;761.0
-1;44400;RAINFOREST_RESIN;9998;7;9995;28;;;10005;-28;;;;;10001.5;677.5
-1;44400;KELP;2018;28;;;;;2022;-28;;;;;2020.0;677.5
-1;44500;RAINFOREST_RESIN;9995;21;;;;;10005;-21;;;;;10000.0;784.5
-1;44500;KELP;2021;0;2019;2;2018;21;2022;-21;;;;;2021.5;784.5
-1;44600;RAINFOREST_RESIN;9996;1;9995;23;;;10004;-1;10005;-23;;;10000.0;737.5
-1;44600;KELP;2019;24;;;;;2022;-24;;;;;2020.5;737.5
-1;44700;RAINFOREST_RESIN;9995;29;;;;;10002;-10;10005;-29;;;9998.5;772.0
-1;44700;KELP;2019;29;;;;;2022;-29;;;;;2020.5;772.0
-1;44800;RAINFOREST_RESIN;9995;29;;;;;9998;-2;10002;-10;10005;-29;9996.5;793.0
-1;44800;KELP;2018;29;;;;;2022;-29;;;;;2020.0;793.0
-1;44900;RAINFOREST_RESIN;9996;1;9995;25;;;10004;-1;10005;-25;;;10000.0;739.5
-1;44900;KELP;2019;1;2018;26;;;2022;-26;;;;;2020.5;739.5
-1;45000;RAINFOREST_RESIN;10002;0;9996;2;9995;24;10004;-2;10005;-24;;;10003.0;649.0
-1;45000;KELP;2018;26;;;;;2022;-26;;;;;2020.0;649.0
-1;45100;RAINFOREST_RESIN;9996;1;9995;26;;;10004;-1;10005;-26;;;10000.0;718.0
-1;45100;KELP;2019;27;;;;;2021;-5;2022;-27;;;2020.0;718.0
-1;45200;RAINFOREST_RESIN;9996;1;9995;28;;;10004;-1;10005;-28;;;10000.0;718.0
-1;45200;KELP;2019;29;;;;;2021;-6;2022;-29;;;2020.0;718.0
-1;45300;RAINFOREST_RESIN;9995;22;;;;;10005;-22;;;;;10000.0;694.5
-1;45300;KELP;2018;26;;;;;2021;-22;;;;;2019.5;694.5
-1;45400;RAINFOREST_RESIN;9996;2;9995;21;;;9998;-2;10004;-2;10005;-21;9997.0;739.0
-1;45400;KELP;2018;22;;;;;2020;-2;2021;-23;;;2019.0;739.0
-1;45500;RAINFOREST_RESIN;9996;1;9995;24;;;10000;-6;10004;-1;10005;-24;9998.0;686.0
-1;45500;KELP;2018;25;;;;;2019;-5;2021;-25;;;2018.5;686.0
-1;45600;RAINFOREST_RESIN;9995;26;;;;;10002;-5;10005;-26;;;9998.5;726.5
-1;45600;KELP;2018;33;;;;;2021;-26;;;;;2019.5;726.5
-1;45700;RAINFOREST_RESIN;9995;24;;;;;10005;-24;;;;;10000.0;698.0
-1;45700;KELP;2018;24;;;;;2021;-24;;;;;2019.5;698.0
-1;45800;RAINFOREST_RESIN;9996;1;9995;27;;;10004;-1;10005;-27;;;10000.0;698.0
-1;45800;KELP;2018;27;;;;;2021;-28;;;;;2019.5;698.0
-1;45900;RAINFOREST_RESIN;9996;1;9995;30;;;10004;-1;10005;-30;;;10000.0;757.0
-1;45900;KELP;2019;4;2018;31;;;2022;-31;;;;;2020.5;757.0
-1;46000;RAINFOREST_RESIN;9996;2;9995;24;;;10004;-2;10005;-24;;;10000.0;757.0
-1;46000;KELP;2019;2;2018;24;;;2022;-26;;;;;2020.5;757.0
-1;46100;RAINFOREST_RESIN;9998;6;9996;2;9995;23;10004;-2;10005;-23;;;10001.0;736.0
-1;46100;KELP;2019;25;;;;;2022;-25;;;;;2020.5;736.0
-1;46200;RAINFOREST_RESIN;9998;2;9996;1;9995;27;10004;-1;10005;-27;;;10001.0;688.0
-1;46200;KELP;2018;28;;;;;2021;-1;2022;-27;;;2019.5;688.0
-1;46300;RAINFOREST_RESIN;9996;2;9995;27;;;10004;-2;10005;-27;;;10000.0;709.0
-1;46300;KELP;2018;29;;;;;2021;-29;;;;;2019.5;709.0
-1;46400;RAINFOREST_RESIN;9995;22;;;;;10005;-22;;;;;10000.0;733.0
-1;46400;KELP;2018;22;;;;;2022;-22;;;;;2020.0;733.0
-1;46500;RAINFOREST_RESIN;10000;0;9996;1;9995;30;10004;-1;10005;-30;;;10002.0;679.0
-1;46500;KELP;2019;6;2018;31;;;2021;-31;;;;;2020.0;679.0
-1;46600;RAINFOREST_RESIN;9998;10;9996;1;9995;27;10004;-1;10005;-27;;;10001.0;708.0
-1;46600;KELP;2019;3;2018;28;;;2021;-1;2022;-27;;;2020.0;708.0
-1;46700;RAINFOREST_RESIN;9995;26;;;;;10005;-26;;;;;10000.0;760.0
-1;46700;KELP;2019;26;;;;;2022;-26;;;;;2020.5;760.0
-1;46800;RAINFOREST_RESIN;9996;1;9995;21;;;10004;-1;10005;-21;;;10000.0;760.0
-1;46800;KELP;2019;22;;;;;2022;-22;;;;;2020.5;760.0
-1;46900;RAINFOREST_RESIN;9996;2;9995;30;;;10004;-2;10005;-30;;;10000.0;809.0
-1;46900;KELP;2021;0;2019;32;;;2022;-32;;;;;2021.5;809.0
-1;47000;RAINFOREST_RESIN;9996;1;9995;20;;;10004;-1;10005;-20;;;10000.0;761.0
-1;47000;KELP;2019;21;;;;;2022;-21;;;;;2020.5;761.0
-1;47100;RAINFOREST_RESIN;9996;2;9995;24;;;9998;-2;10004;-2;10005;-24;9997.0;844.0
-1;47100;KELP;2019;22;;;;;2022;-26;;;;;2020.5;844.0
-1;47200;RAINFOREST_RESIN;10002;0;9996;2;9995;28;10004;-2;10005;-28;;;10003.0;687.0
-1;47200;KELP;2019;30;;;;;2022;-30;;;;;2020.5;687.0
-1;47300;RAINFOREST_RESIN;10002;0;9998;3;9995;25;10005;-25;;;;;10003.5;647.0
-1;47300;KELP;2019;25;;;;;2021;-1;2022;-25;;;2020.0;647.0
-1;47400;RAINFOREST_RESIN;9995;24;;;;;10002;-9;10005;-24;;;9998.5;812.0
-1;47400;KELP;2019;25;;;;;2022;-24;;;;;2020.5;812.0
-1;47500;RAINFOREST_RESIN;9995;30;;;;;10002;-1;10005;-30;;;9998.5;787.0
-1;47500;KELP;2019;30;;;;;2021;-6;2022;-30;;;2020.0;787.0
-1;47600;RAINFOREST_RESIN;9996;1;9995;27;;;10004;-1;10005;-27;;;10000.0;770.0
-1;47600;KELP;2019;28;;;;;2022;-28;;;;;2020.5;770.0
-1;47700;RAINFOREST_RESIN;9996;1;9995;22;;;10002;-8;10004;-1;10005;-22;9999.0;798.0
-1;47700;KELP;2019;23;;;;;2022;-23;;;;;2020.5;798.0
-1;47800;RAINFOREST_RESIN;9996;1;9995;22;;;10002;-8;10004;-1;10005;-22;9999.0;798.0
-1;47800;KELP;2019;23;;;;;2022;-1;2023;-22;;;2020.5;798.0
-1;47900;RAINFOREST_RESIN;10002;0;9995;27;;;10005;-27;;;;;10003.5;695.5
-1;47900;KELP;2019;27;;;;;2023;-27;;;;;2021.0;695.5
-1;48000;RAINFOREST_RESIN;9995;27;;;;;10005;-27;;;;;10000.0;797.0
-1;48000;KELP;2019;27;;;;;2023;-27;;;;;2021.0;797.0
-1;48100;RAINFOREST_RESIN;9995;21;;;;;10002;-9;10005;-21;;;9998.5;820.5
-1;48100;KELP;2019;22;;;;;2022;-21;;;;;2020.5;820.5
-1;48200;RAINFOREST_RESIN;9998;5;9995;25;;;10005;-25;;;;;10001.5;739.5
-1;48200;KELP;2019;25;;;;;2022;-25;;;;;2020.5;739.5
-1;48300;RAINFOREST_RESIN;9996;1;9995;28;;;9998;-4;10000;-8;10004;-1;9997.0;749.0
-1;48300;KELP;2018;29;;;;;2019;-5;2022;-29;;;2018.5;749.0
-1;48400;RAINFOREST_RESIN;9995;27;;;;;10002;-7;10005;-27;;;9998.5;817.5
-1;48400;KELP;2019;1;2018;27;;;2022;-27;;;;;2020.5;817.5
-1;48500;RAINFOREST_RESIN;9995;29;;;;;9998;-2;10005;-29;;;9996.5;858.0
-1;48500;KELP;2019;1;2018;29;;;2022;-29;;;;;2020.5;858.0
-1;48600;RAINFOREST_RESIN;9996;1;9995;28;;;10004;-1;10005;-28;;;10000.0;792.0
-1;48600;KELP;2019;1;2018;29;;;2022;-29;;;;;2020.5;792.0
-1;48700;RAINFOREST_RESIN;9996;1;9995;22;;;10004;-1;10005;-22;;;10000.0;767.0
-1;48700;KELP;2018;23;;;;;2022;-23;;;;;2020.0;767.0
-1;48800;RAINFOREST_RESIN;9996;1;9995;23;;;10004;-1;10005;-23;;;10000.0;792.0
-1;48800;KELP;2019;29;;;;;2022;-24;;;;;2020.5;792.0
-1;48900;RAINFOREST_RESIN;9995;27;;;;;10005;-27;;;;;10000.0;792.0
-1;48900;KELP;2019;34;;;;;2022;-27;;;;;2020.5;792.0
-1;49000;RAINFOREST_RESIN;9996;2;9995;30;;;10004;-2;10005;-30;;;10000.0;792.0
-1;49000;KELP;2019;39;;;;;2022;-32;;;;;2020.5;792.0
-1;49100;RAINFOREST_RESIN;9996;2;9995;30;;;10004;-2;10005;-30;;;10000.0;792.0
-1;49100;KELP;2019;40;;;;;2022;-32;;;;;2020.5;792.0
-1;49200;RAINFOREST_RESIN;9996;1;9995;20;;;10004;-1;10005;-20;;;10000.0;792.0
-1;49200;KELP;2019;21;;;;;2022;-21;;;;;2020.5;792.0
-1;49300;RAINFOREST_RESIN;9998;9;9996;1;9995;21;10004;-1;10005;-21;;;10001.0;773.0
-1;49300;KELP;2019;21;;;;;2022;-22;;;;;2020.5;773.0
-1;49400;RAINFOREST_RESIN;9995;20;;;;;10005;-20;;;;;10000.0;816.5
-1;49400;KELP;2021;0;2020;0;2019;20;2022;-20;;;;;2021.5;816.5
-1;49500;RAINFOREST_RESIN;9996;2;9995;30;;;10004;-2;10005;-30;;;10000.0;792.5
-1;49500;KELP;2019;40;;;;;2022;-32;;;;;2020.5;792.5
-1;49600;RAINFOREST_RESIN;9995;24;;;;;10005;-24;;;;;10000.0;812.5
-1;49600;KELP;2021;0;2019;24;;;2022;-24;;;;;2021.5;812.5
-1;49700;RAINFOREST_RESIN;9998;7;9996;2;9995;26;10004;-2;10005;-26;;;10001.0;774.5
-1;49700;KELP;2019;28;;;;;2022;-28;;;;;2020.5;774.5
-1;49800;RAINFOREST_RESIN;9996;2;9995;23;;;10004;-2;10005;-23;;;10000.0;764.5
-1;49800;KELP;2019;25;;;;;2020;-20;2023;-25;;;2019.5;764.5
-1;49900;RAINFOREST_RESIN;9998;3;9995;23;;;10005;-23;;;;;10001.5;801.5
-1;49900;KELP;2019;23;;;;;2023;-23;;;;;2021.0;801.5
-1;50000;RAINFOREST_RESIN;9996;1;9995;20;;;10004;-1;10005;-20;;;10000.0;814.5
-1;50000;KELP;2019;21;;;;;2022;-1;2023;-20;;;2020.5;814.5
-1;50100;RAINFOREST_RESIN;9995;24;;;;;10005;-24;;;;;10000.0;796.0
-1;50100;KELP;2019;24;;;;;2021;-2;2022;-24;;;2020.0;796.0
-1;50200;RAINFOREST_RESIN;9995;24;;;;;10005;-24;;;;;10000.0;833.0
-1;50200;KELP;2019;24;;;;;2023;-24;;;;;2021.0;833.0
-1;50300;RAINFOREST_RESIN;9995;30;;;;;10002;-10;10005;-30;;;9998.5;864.5
-1;50300;KELP;2019;30;;;;;2023;-30;;;;;2021.0;864.5
-1;50400;RAINFOREST_RESIN;9998;4;9996;1;9995;22;10000;-4;10004;-1;10005;-22;9999.0;815.0
-1;50400;KELP;2019;23;;;;;2021;-3;2023;-23;;;2020.0;815.0
-1;50500;RAINFOREST_RESIN;9996;2;9995;23;;;10004;-2;10005;-23;;;10000.0;833.0
-1;50500;KELP;2019;25;;;;;2023;-25;;;;;2021.0;833.0
-1;50600;RAINFOREST_RESIN;10002;0;9996;2;9995;21;10004;-2;10005;-21;;;10003.0;713.0
-1;50600;KELP;2019;21;;;;;2020;-19;2023;-23;;;2019.5;713.0
-1;50700;RAINFOREST_RESIN;9996;2;9995;22;;;10004;-2;10005;-22;;;10000.0;873.0
-1;50700;KELP;2020;24;;;;;2023;-24;;;;;2021.5;873.0
-1;50800;RAINFOREST_RESIN;10002;0;9996;2;9995;22;10004;-2;10005;-22;;;10003.0;857.5
-1;50800;KELP;2022;0;2020;24;;;2023;-24;;;;;2022.5;857.5
-1;50900;RAINFOREST_RESIN;9996;1;9995;27;;;10004;-1;10005;-27;;;10000.0;859.0
-1;50900;KELP;2020;28;;;;;2022;-4;2023;-28;;;2021.0;859.0
-1;51000;RAINFOREST_RESIN;9996;2;9995;26;;;10004;-2;10005;-26;;;10000.0;883.5
-1;51000;KELP;2020;28;;;;;2023;-28;;;;;2021.5;883.5
-1;51100;RAINFOREST_RESIN;9998;6;9996;1;9995;25;10004;-1;10005;-25;;;10001.0;858.5
-1;51100;KELP;2020;26;;;;;2023;-26;;;;;2021.5;858.5
-1;51200;RAINFOREST_RESIN;9996;2;9995;28;;;10004;-2;10005;-28;;;10000.0;883.5
-1;51200;KELP;2020;30;;;;;2023;-30;;;;;2021.5;883.5
-1;51300;RAINFOREST_RESIN;9996;1;9995;24;;;10004;-1;10005;-24;;;10000.0;884.0
-1;51300;KELP;2020;25;;;;;2023;-25;;;;;2021.5;884.0
-1;51400;RAINFOREST_RESIN;9995;30;;;;;10002;-3;10005;-30;;;9998.5;921.5
-1;51400;KELP;2020;30;;;;;2023;-30;;;;;2021.5;921.5
-1;51500;RAINFOREST_RESIN;9995;30;;;;;10005;-30;;;;;10000.0;933.5
-1;51500;KELP;2022;0;2020;30;;;2023;-30;;;;;2022.5;933.5
-1;51600;RAINFOREST_RESIN;10000;0;9996;2;9995;22;10002;-1;10004;-2;10005;-22;10001.0;879.0
-1;51600;KELP;2021;5;2020;24;;;2023;-24;;;;;2022.0;879.0
-1;51700;RAINFOREST_RESIN;9995;20;;;;;10005;-20;;;;;10000.0;929.0
-1;51700;KELP;2020;16;;;;;2023;-20;;;;;2021.5;929.0
-1;51800;RAINFOREST_RESIN;9996;1;9995;24;;;10004;-1;10005;-24;;;10000.0;929.0
-1;51800;KELP;2020;1;2019;24;;;2023;-25;;;;;2021.5;929.0
-1;51900;RAINFOREST_RESIN;9996;1;9995;23;;;10004;-1;10005;-23;;;10000.0;954.0
-1;51900;KELP;2021;0;2019;24;;;2023;-24;;;;;2022.0;954.0
-1;52000;RAINFOREST_RESIN;9998;3;9995;29;;;10005;-29;;;;;10001.5;835.0
-1;52000;KELP;2019;29;;;;;2021;-6;2023;-29;;;2020.0;835.0
-1;52100;RAINFOREST_RESIN;9995;21;;;;;10005;-21;;;;;10000.0;940.0
-1;52100;KELP;2019;21;;;;;2023;-21;;;;;2021.0;940.0
-1;52200;RAINFOREST_RESIN;9996;2;9995;29;;;10004;-2;10005;-29;;;10000.0;940.0
-1;52200;KELP;2019;31;;;;;2023;-31;;;;;2021.0;940.0
-1;52300;RAINFOREST_RESIN;10002;0;9996;1;9995;27;10004;-1;10005;-27;;;10003.0;977.0
-1;52300;KELP;2022;0;2019;28;;;2023;-28;;;;;2022.5;977.0
-1;52400;RAINFOREST_RESIN;9998;3;9996;1;9995;29;10004;-1;10005;-29;;;10001.0;955.0
-1;52400;KELP;2020;30;;;;;2023;-30;;;;;2021.5;955.0
-1;52500;RAINFOREST_RESIN;9996;1;9995;27;;;9998;-2;10004;-1;10005;-27;9997.0;1041.5
-1;52500;KELP;2022;0;2020;28;;;2023;-28;;;;;2022.5;1041.5
-1;52600;RAINFOREST_RESIN;9998;1;9996;1;9995;22;10000;-8;10004;-1;10005;-22;9999.0;931.5
-1;52600;KELP;2020;1;2019;22;;;2021;-4;2023;-23;;;2020.5;931.5
-1;52700;RAINFOREST_RESIN;9996;2;9995;25;;;10004;-2;10005;-25;;;10000.0;948.0
-1;52700;KELP;2019;26;;;;;2023;-27;;;;;2021.0;948.0
-1;52800;RAINFOREST_RESIN;9995;26;;;;;10005;-26;;;;;10000.0;948.0
-1;52800;KELP;2019;26;;;;;2023;-26;;;;;2021.0;948.0
-1;52900;RAINFOREST_RESIN;9995;30;;;;;10005;-30;;;;;10000.0;994.0
-1;52900;KELP;2020;30;;;;;2023;-30;;;;;2021.5;994.0
-1;53000;RAINFOREST_RESIN;10002;0;9996;1;9995;20;10004;-1;10005;-20;;;10003.0;957.0
-1;53000;KELP;2020;21;;;;;2023;-21;;;;;2021.5;957.0
-1;53100;RAINFOREST_RESIN;9995;24;;;;;10005;-24;;;;;10000.0;974.0
-1;53100;KELP;2019;24;;;;;2023;-24;;;;;2021.0;974.0
-1;53200;RAINFOREST_RESIN;9996;1;9995;30;;;10004;-1;10005;-30;;;10000.0;1039.5
-1;53200;KELP;2022;0;2019;31;;;2023;-31;;;;;2022.5;1039.5
-1;53300;RAINFOREST_RESIN;9995;29;;;;;10005;-29;;;;;10000.0;996.5
-1;53300;KELP;2020;29;;;;;2023;-29;;;;;2021.5;996.5
-1;53400;RAINFOREST_RESIN;9998;6;9996;2;9995;23;10004;-2;10005;-23;;;10001.0;983.5
-1;53400;KELP;2020;25;;;;;2023;-25;;;;;2021.5;983.5
-1;53500;RAINFOREST_RESIN;9996;2;9995;21;;;10002;-1;10004;-2;10005;-21;9999.0;1009.5
-1;53500;KELP;2020;23;;;;;2023;-23;;;;;2021.5;1009.5
-1;53600;RAINFOREST_RESIN;9995;24;;;;;9998;-18;10005;-24;;;9996.5;1028.5
-1;53600;KELP;2020;24;;;;;2023;-24;;;;;2021.5;1028.5
-1;53700;RAINFOREST_RESIN;9998;1;9995;30;;;10005;-30;;;;;10001.5;987.0
-1;53700;KELP;2019;30;;;;;2023;-30;;;;;2021.0;987.0
-1;53800;RAINFOREST_RESIN;10002;0;9995;30;;;10005;-30;;;;;10003.5;974.5
-1;53800;KELP;2019;30;;;;;2023;-30;;;;;2021.0;974.5
-1;53900;RAINFOREST_RESIN;9996;2;9995;25;;;10004;-2;10005;-25;;;10000.0;1009.0
-1;53900;KELP;2019;27;;;;;2023;-27;;;;;2021.0;1009.0
-1;54000;RAINFOREST_RESIN;9998;6;9996;1;9995;30;10004;-1;10005;-30;;;10001.0;1000.0
-1;54000;KELP;2020;31;;;;;2022;-1;2023;-31;;;2021.0;1000.0
-1;54100;RAINFOREST_RESIN;9998;2;9996;2;9995;22;10004;-2;10005;-22;;;10001.0;1000.0
-1;54100;KELP;2020;24;;;;;2022;-2;2023;-24;;;2021.0;1000.0
-1;54200;RAINFOREST_RESIN;9995;28;;;;;10005;-28;;;;;10000.0;1030.0
-1;54200;KELP;2020;28;;;;;2023;-28;;;;;2021.5;1030.0
-1;54300;RAINFOREST_RESIN;9996;2;9995;23;;;10004;-2;10005;-23;;;10000.0;1083.0
-1;54300;KELP;2022;0;2019;25;;;2023;-25;;;;;2022.5;1083.0
-1;54400;RAINFOREST_RESIN;9995;29;;;;;10005;-29;;;;;10000.0;1003.0
-1;54400;KELP;2019;29;;;;;2022;-29;;;;;2020.5;1003.0
-1;54500;RAINFOREST_RESIN;9996;1;9995;20;;;10004;-1;10005;-20;;;10000.0;1003.0
-1;54500;KELP;2019;21;;;;;2022;-21;;;;;2020.5;1003.0
-1;54600;RAINFOREST_RESIN;10002;0;9995;27;;;10005;-27;;;;;10003.5;976.5
-1;54600;KELP;2019;27;;;;;2023;-27;;;;;2021.0;976.5
-1;54700;RAINFOREST_RESIN;9996;2;9995;27;;;10004;-2;10005;-27;;;10000.0;969.0
-1;54700;KELP;2019;29;;;;;2020;-4;2022;-29;;;2019.5;969.0
-1;54800;RAINFOREST_RESIN;9998;8;9995;27;;;10005;-27;;;;;10001.5;966.5
-1;54800;KELP;2019;27;;;;;2021;-1;2022;-27;;;2020.0;966.5
-1;54900;RAINFOREST_RESIN;9996;1;9995;28;;;10002;-3;10004;-1;10005;-28;9999.0;1024.0
-1;54900;KELP;2019;29;;;;;2022;-29;;;;;2020.5;1024.0
-1;55000;RAINFOREST_RESIN;9996;2;9995;28;;;10002;-8;10004;-2;10005;-28;9999.0;1025.5
-1;55000;KELP;2019;36;;;;;2022;-30;;;;;2020.5;1025.5
-1;55100;RAINFOREST_RESIN;9995;29;;;;;10005;-29;;;;;10000.0;1018.5
-1;55100;KELP;2019;37;;;;;2022;-29;;;;;2020.5;1018.5
-1;55200;RAINFOREST_RESIN;9996;2;9995;21;;;10004;-2;10005;-21;;;10000.0;932.0
-1;55200;KELP;2018;21;;;;;2019;-12;2020;-8;2022;-23;2018.5;932.0
-1;55300;RAINFOREST_RESIN;9996;2;9995;27;;;9998;-2;10002;-2;10004;-2;9997.0;1057.0
-1;55300;KELP;2018;29;;;;;2022;-29;;;;;2020.0;1057.0
-1;55400;RAINFOREST_RESIN;9998;3;9996;1;9995;21;10004;-1;10005;-21;;;10001.0;1018.0
-1;55400;KELP;2019;2;2018;22;;;2022;-22;;;;;2020.5;1018.0
-1;55500;RAINFOREST_RESIN;9995;25;;;;;10002;-9;10005;-25;;;9998.5;1107.5
-1;55500;KELP;2021;0;2019;4;2018;25;2022;-25;;;;;2021.5;1107.5
-1;55600;RAINFOREST_RESIN;9995;26;;;;;10005;-26;;;;;10000.0;1034.5
-1;55600;KELP;2019;3;2018;26;;;2022;-26;;;;;2020.5;1034.5
-1;55700;RAINFOREST_RESIN;9996;2;9995;21;;;10004;-2;10005;-21;;;10000.0;1040.0
-1;55700;KELP;2019;25;;;;;2022;-23;;;;;2020.5;1040.0
-1;55800;RAINFOREST_RESIN;9998;6;9996;1;9995;26;10004;-1;10005;-26;;;10001.0;1000.0
-1;55800;KELP;2018;27;;;;;2022;-27;;;;;2020.0;1000.0
-1;55900;RAINFOREST_RESIN;9995;22;;;;;10005;-22;;;;;10000.0;1015.0
-1;55900;KELP;2018;22;;;;;2022;-22;;;;;2020.0;1015.0
-1;56000;RAINFOREST_RESIN;9996;2;9995;22;;;10002;-10;10004;-2;10005;-22;9999.0;955.0
-1;56000;KELP;2018;24;;;;;2019;-3;2021;-2;2022;-22;2018.5;955.0
-1;56100;RAINFOREST_RESIN;9996;2;9995;20;;;10004;-2;10005;-20;;;10000.0;1040.0
-1;56100;KELP;2019;22;;;;;2022;-22;;;;;2020.5;1040.0
-1;56200;RAINFOREST_RESIN;9996;1;9995;29;;;10004;-1;10005;-29;;;10000.0;1063.0
-1;56200;KELP;2020;0;2018;30;;;2022;-30;;;;;2021.0;1063.0
-1;56300;RAINFOREST_RESIN;10002;0;9996;2;9995;25;10004;-2;10005;-25;;;10003.0;993.0
-1;56300;KELP;2019;6;2018;27;;;2022;-27;;;;;2020.5;993.0
-1;56400;RAINFOREST_RESIN;9996;1;9995;30;;;10004;-1;10005;-30;;;10000.0;1017.0
-1;56400;KELP;2018;31;;;;;2022;-31;;;;;2020.0;1017.0
-1;56500;RAINFOREST_RESIN;9996;2;9995;27;;;10004;-2;10005;-27;;;10000.0;1017.0
-1;56500;KELP;2018;29;;;;;2022;-29;;;;;2020.0;1017.0
-1;56600;RAINFOREST_RESIN;9996;2;9995;29;;;10002;-4;10004;-2;10005;-29;9999.0;1057.0
-1;56600;KELP;2019;2;2018;29;;;2022;-31;;;;;2020.5;1057.0
-1;56700;RAINFOREST_RESIN;9998;3;9996;2;9995;24;10000;-4;10004;-2;10005;-24;9999.0;1073.0
-1;56700;KELP;2020;0;2018;26;;;2022;-26;;;;;2021.0;1073.0
-1;56800;RAINFOREST_RESIN;10002;0;9998;10;9996;2;10004;-2;10005;-22;;;10003.0;953.0
-1;56800;KELP;2018;24;;;;;2021;-2;2022;-22;;;2019.5;953.0
-1;56900;RAINFOREST_RESIN;9996;2;9995;20;;;10004;-2;10005;-20;;;10000.0;998.0
-1;56900;KELP;2018;24;;;;;2021;-22;;;;;2019.5;998.0
-1;57000;RAINFOREST_RESIN;9996;1;9995;27;;;10004;-1;10005;-27;;;10000.0;977.0
-1;57000;KELP;2018;28;;;;;2020;-8;2021;-28;;;2019.0;977.0
-1;57100;RAINFOREST_RESIN;9996;2;9995;25;;;10004;-2;10005;-25;;;10000.0;956.0
-1;57100;KELP;2017;27;;;;;2020;-27;;;;;2018.5;956.0
-1;57200;RAINFOREST_RESIN;10002;0;9996;1;9995;26;10004;-1;10005;-26;;;10003.0;950.0
-1;57200;KELP;2019;0;2017;27;;;2020;-27;;;;;2019.5;950.0
-1;57300;RAINFOREST_RESIN;9996;1;9995;26;;;10002;-9;10004;-1;10005;-26;9999.0;978.0
-1;57300;KELP;2017;27;;;;;2020;-27;;;;;2018.5;978.0
-1;57400;RAINFOREST_RESIN;9995;24;;;;;10005;-24;;;;;10000.0;941.0
-1;57400;KELP;2017;24;;;;;2019;-2;2020;-24;;;2018.0;941.0
-1;57500;RAINFOREST_RESIN;9998;5;9996;2;9995;23;10004;-2;10005;-23;;;10001.0;979.0
-1;57500;KELP;2019;0;2017;30;;;2020;-25;;;;;2019.5;979.0
-1;57600;RAINFOREST_RESIN;9995;24;;;;;10005;-24;;;;;10000.0;966.0
-1;57600;KELP;2017;24;;;;;2020;-24;;;;;2018.5;966.0
-1;57700;RAINFOREST_RESIN;9995;29;;;;;10005;-29;;;;;10000.0;966.0
-1;57700;KELP;2017;29;;;;;2020;-29;;;;;2018.5;966.0
-1;57800;RAINFOREST_RESIN;9998;1;9996;2;9995;29;10004;-2;10005;-29;;;10001.0;949.0
-1;57800;KELP;2017;31;;;;;2020;-2;2021;-29;;;2018.5;949.0
-1;57900;RAINFOREST_RESIN;9996;2;9995;25;;;9998;-4;10000;-10;10004;-2;9997.0;962.0
-1;57900;KELP;2017;27;;;;;2018;-24;2019;-5;2020;-2;2017.5;962.0
-1;58000;RAINFOREST_RESIN;9996;1;9995;24;;;9998;-8;10004;-1;10005;-24;9997.0;1026.0
-1;58000;KELP;2017;29;;;;;2020;-1;2021;-24;;;2018.5;1026.0
-1;58100;RAINFOREST_RESIN;9995;23;;;;;10005;-23;;;;;10000.0;1020.0
-1;58100;KELP;2017;23;;;;;2020;-23;;;;;2018.5;1020.0
-1;58200;RAINFOREST_RESIN;9996;1;9995;30;;;10004;-1;10005;-30;;;10000.0;1020.0
-1;58200;KELP;2017;31;;;;;2020;-31;;;;;2018.5;1020.0
-1;58300;RAINFOREST_RESIN;9995;29;;;;;10005;-29;;;;;10000.0;1020.0
-1;58300;KELP;2017;29;;;;;2020;-29;;;;;2018.5;1020.0
-1;58400;RAINFOREST_RESIN;9996;2;9995;21;;;10004;-2;10005;-21;;;10000.0;963.0
-1;58400;KELP;2016;23;;;;;2018;-1;2019;-23;;;2017.0;963.0
-1;58500;RAINFOREST_RESIN;9995;21;;;;;10002;-1;10005;-21;;;9998.5;1001.5
-1;58500;KELP;2016;21;;;;;2019;-21;;;;;2017.5;1001.5
-1;58600;RAINFOREST_RESIN;10002;0;9995;25;;;10005;-25;;;;;10003.5;880.0
-1;58600;KELP;2015;25;;;;;2017;-7;2019;-25;;;2016.0;880.0
-1;58700;RAINFOREST_RESIN;9996;2;9995;30;;;10004;-2;10005;-30;;;10000.0;940.0
-1;58700;KELP;2015;34;;;;;2018;-32;;;;;2016.5;940.0
-1;58800;RAINFOREST_RESIN;9995;29;;;;;10002;-1;10005;-29;;;9998.5;1010.0
-1;58800;KELP;2015;29;;;;;2019;-29;;;;;2017.0;1010.0
-1;58900;RAINFOREST_RESIN;9996;1;9995;24;;;10004;-1;10005;-24;;;10000.0;1013.0
-1;58900;KELP;2015;25;;;;;2019;-25;;;;;2017.0;1013.0
-1;59000;RAINFOREST_RESIN;9996;2;9995;20;;;10004;-2;10005;-20;;;10000.0;1038.0
-1;59000;KELP;2016;22;;;;;2019;-22;;;;;2017.5;1038.0
-1;59100;RAINFOREST_RESIN;9995;27;;;;;10005;-27;;;;;10000.0;1042.5
-1;59100;KELP;2016;34;;;;;2019;-27;;;;;2017.5;1042.5
-1;59200;RAINFOREST_RESIN;9998;4;9996;2;9995;29;10004;-2;10005;-29;;;10001.0;1068.0
-1;59200;KELP;2016;31;;;;;2020;-31;;;;;2018.0;1068.0
-1;59300;RAINFOREST_RESIN;9996;1;9995;26;;;10004;-1;10005;-26;;;10000.0;1018.0
-1;59300;KELP;2016;26;;;;;2018;-2;2019;-27;;;2017.0;1018.0
-1;59400;RAINFOREST_RESIN;9996;1;9995;21;;;10004;-1;10005;-21;;;10000.0;1018.0
-1;59400;KELP;2015;22;;;;;2019;-22;;;;;2017.0;1018.0
-1;59500;RAINFOREST_RESIN;10002;0;9995;23;;;10005;-23;;;;;10003.5;1014.0
-1;59500;KELP;2015;23;;;;;2019;-23;;;;;2017.0;1014.0
-1;59600;RAINFOREST_RESIN;9996;2;9995;27;;;10004;-2;10005;-27;;;10000.0;1053.0
-1;59600;KELP;2016;29;;;;;2019;-29;;;;;2017.5;1053.0
-1;59700;RAINFOREST_RESIN;9995;21;;;;;10005;-21;;;;;10000.0;1003.0
-1;59700;KELP;2015;21;;;;;2018;-21;;;;;2016.5;1003.0
-1;59800;RAINFOREST_RESIN;9996;1;9995;24;;;10004;-1;10005;-24;;;10000.0;1003.0
-1;59800;KELP;2015;25;;;;;2018;-25;;;;;2016.5;1003.0
-1;59900;RAINFOREST_RESIN;9996;1;9995;23;;;10002;-6;10004;-1;10005;-23;9999.0;1007.0
-1;59900;KELP;2015;24;;;;;2018;-24;;;;;2016.5;1007.0
-1;60000;RAINFOREST_RESIN;9998;3;9995;22;;;10005;-22;;;;;10001.5;1001.0
-1;60000;KELP;2015;22;;;;;2018;-22;;;;;2016.5;1001.0
-1;60100;RAINFOREST_RESIN;9996;2;9995;25;;;10004;-2;10005;-25;;;10000.0;1008.5
-1;60100;KELP;2015;27;;;;;2018;-27;;;;;2016.5;1008.5
-1;60200;RAINFOREST_RESIN;9995;25;;;;;10005;-25;;;;;10000.0;1062.0
-1;60200;KELP;2016;0;2015;25;;;2018;-25;;;;;2017.0;1062.0
-1;60300;RAINFOREST_RESIN;9996;1;9995;27;;;10004;-1;10005;-27;;;10000.0;1039.0
-1;60300;KELP;2015;28;;;;;2018;-28;;;;;2016.5;1039.0
-1;60400;RAINFOREST_RESIN;9996;1;9995;20;;;9998;-2;10004;-1;10005;-20;9997.0;1029.0
-1;60400;KELP;2015;1;2014;20;;;2018;-21;;;;;2016.5;1029.0
-1;60500;RAINFOREST_RESIN;9996;1;9995;23;;;10004;-1;10005;-23;;;10000.0;1041.0
-1;60500;KELP;2015;24;;;;;2018;-24;;;;;2016.5;1041.0
-1;60600;RAINFOREST_RESIN;9996;2;9995;22;;;10004;-2;10005;-22;;;10000.0;1041.0
-1;60600;KELP;2015;26;;;;;2018;-24;;;;;2016.5;1041.0
-1;60700;RAINFOREST_RESIN;9995;22;;;;;10005;-22;;;;;10000.0;1018.0
-1;60700;KELP;2015;22;;;;;2017;-5;2018;-22;;;2016.0;1018.0
-1;60800;RAINFOREST_RESIN;10002;0;9996;2;9995;30;10004;-2;10005;-30;;;10003.0;1043.0
-1;60800;KELP;2015;31;;;;;2018;-32;;;;;2016.5;1043.0
-1;60900;RAINFOREST_RESIN;9996;2;9995;29;;;10004;-2;10005;-29;;;10000.0;1041.0
-1;60900;KELP;2015;28;;;;;2017;-4;2018;-31;;;2016.0;1041.0
-1;61000;RAINFOREST_RESIN;9995;28;;;;;10005;-28;;;;;10000.0;1065.5
-1;61000;KELP;2015;28;;;;;2018;-28;;;;;2016.5;1065.5
-1;61100;RAINFOREST_RESIN;9995;29;;;;;10005;-29;;;;;10000.0;1041.0
-1;61100;KELP;2015;29;;;;;2017;-3;2018;-29;;;2016.0;1041.0
-1;61200;RAINFOREST_RESIN;9998;9;9996;1;9995;21;10000;-4;10004;-1;10005;-21;9999.0;1020.5
-1;61200;KELP;2015;22;;;;;2016;-2;2018;-22;;;2015.5;1020.5
-1;61300;RAINFOREST_RESIN;9996;1;9995;22;;;10004;-1;10005;-22;;;10000.0;1065.5
-1;61300;KELP;2015;23;;;;;2018;-23;;;;;2016.5;1065.5
-1;61400;RAINFOREST_RESIN;9996;1;9995;30;;;10004;-1;10005;-30;;;10000.0;1065.5
-1;61400;KELP;2015;31;;;;;2018;-1;2019;-30;;;2016.5;1065.5
-1;61500;RAINFOREST_RESIN;9996;2;9995;27;;;10004;-2;10005;-27;;;10000.0;1065.5
-1;61500;KELP;2015;29;;;;;2018;-29;;;;;2016.5;1065.5
-1;61600;RAINFOREST_RESIN;9996;2;9995;28;;;10004;-2;10005;-28;;;10000.0;1041.0
-1;61600;KELP;2015;30;;;;;2017;-5;2018;-30;;;2016.0;1041.0
-1;61700;RAINFOREST_RESIN;9996;1;9995;26;;;10004;-1;10005;-26;;;10000.0;992.0
-1;61700;KELP;2014;26;;;;;2016;-7;2017;-27;;;2015.0;992.0
-1;61800;RAINFOREST_RESIN;9995;20;;;;;10005;-20;;;;;10000.0;1067.0
-1;61800;KELP;2015;20;;;;;2018;-20;;;;;2016.5;1067.0
-1;61900;RAINFOREST_RESIN;9995;26;;;;;9998;-2;10005;-26;;;9996.5;1030.5
-1;61900;KELP;2014;26;;;;;2017;-26;;;;;2015.5;1030.5
-1;62000;RAINFOREST_RESIN;9995;20;;;;;10005;-20;;;;;10000.0;1067.0
-1;62000;KELP;2016;0;2014;20;;;2017;-20;;;;;2016.5;1067.0
-1;62100;RAINFOREST_RESIN;9996;2;9995;23;;;10004;-2;10005;-23;;;10000.0;1021.0
-1;62100;KELP;2014;25;;;;;2017;-25;;;;;2015.5;1021.0
-1;62200;RAINFOREST_RESIN;9995;25;;;;;10002;-3;10005;-25;;;9998.5;1025.5
-1;62200;KELP;2014;25;;;;;2017;-25;;;;;2015.5;1025.5
-1;62300;RAINFOREST_RESIN;9995;22;;;;;10005;-22;;;;;10000.0;1029.0
-1;62300;KELP;2014;22;;;;;2017;-22;;;;;2015.5;1029.0
-1;62400;RAINFOREST_RESIN;9996;2;9995;23;;;10004;-2;10005;-23;;;10000.0;1006.0
-1;62400;KELP;2014;25;;;;;2016;-8;2018;-25;;;2015.0;1006.0
-1;62500;RAINFOREST_RESIN;9996;1;9995;23;;;10004;-1;10005;-23;;;10000.0;1075.0
-1;62500;KELP;2015;3;2014;23;;;2018;-24;;;;;2016.5;1075.0
-1;62600;RAINFOREST_RESIN;9995;29;;;;;10005;-29;;;;;10000.0;1075.0
-1;62600;KELP;2015;29;;;;;2018;-29;;;;;2016.5;1075.0
-1;62700;RAINFOREST_RESIN;9996;2;9995;24;;;10004;-2;10005;-24;;;10000.0;1075.0
-1;62700;KELP;2015;26;;;;;2018;-26;;;;;2016.5;1075.0
-1;62800;RAINFOREST_RESIN;9995;26;;;;;10005;-26;;;;;10000.0;1052.0
-1;62800;KELP;2015;25;;;;;2017;-1;2019;-26;;;2016.0;1052.0
-1;62900;RAINFOREST_RESIN;9996;2;9995;27;;;9998;-8;10004;-2;10005;-27;9997.0;1110.0
-1;62900;KELP;2016;29;;;;;2018;-1;2019;-29;;;2017.0;1110.0
-1;63000;RAINFOREST_RESIN;9995;29;;;;;10005;-29;;;;;10000.0;1107.0
-1;63000;KELP;2016;29;;;;;2018;-4;2019;-29;;;2017.0;1107.0
-1;63100;RAINFOREST_RESIN;9996;2;9995;24;;;10004;-2;10005;-24;;;10000.0;1155.0
-1;63100;KELP;2016;25;;;;;2020;-26;;;;;2018.0;1155.0
-1;63200;RAINFOREST_RESIN;9995;28;;;;;10005;-28;;;;;10000.0;1155.0
-1;63200;KELP;2016;28;;;;;2020;-28;;;;;2018.0;1155.0
-1;63300;RAINFOREST_RESIN;9996;2;9995;30;;;10004;-2;10005;-30;;;10000.0;1131.0
-1;63300;KELP;2016;32;;;;;2019;-2;2020;-30;;;2017.5;1131.0
-1;63400;RAINFOREST_RESIN;9996;2;9995;24;;;10004;-2;10005;-24;;;10000.0;1200.0
-1;63400;KELP;2018;0;2016;26;;;2020;-26;;;;;2019.0;1200.0
-1;63500;RAINFOREST_RESIN;9998;8;9995;20;;;10005;-20;;;;;10001.5;1131.0
-1;63500;KELP;2016;22;;;;;2019;-20;;;;;2017.5;1131.0
-1;63600;RAINFOREST_RESIN;9995;21;;;;;10005;-21;;;;;10000.0;1176.5
-1;63600;KELP;2018;0;2016;21;;;2019;-21;;;;;2018.5;1176.5
-1;63700;RAINFOREST_RESIN;9996;2;9995;28;;;10002;-6;10004;-2;10005;-28;9999.0;1156.0
-1;63700;KELP;2017;8;2016;30;;;2019;-2;2020;-28;;;2018.0;1156.0
-1;63800;RAINFOREST_RESIN;9996;1;9995;21;;;10004;-1;10005;-21;;;10000.0;1112.0
-1;63800;KELP;2016;21;;;;;2018;-7;2020;-22;;;2017.0;1112.0
-1;63900;RAINFOREST_RESIN;9995;21;;;;;10005;-21;;;;;10000.0;1160.0
-1;63900;KELP;2016;21;;;;;2018;-6;2020;-21;;;2017.0;1160.0
-1;64000;RAINFOREST_RESIN;9998;6;9995;30;;;10005;-30;;;;;10001.5;1199.0
-1;64000;KELP;2016;30;;;;;2019;-30;;;;;2017.5;1199.0
-1;64100;RAINFOREST_RESIN;9995;27;;;;;10002;-6;10005;-27;;;9998.5;1166.0
-1;64100;KELP;2016;27;;;;;2019;-27;;;;;2017.5;1166.0
-1;64200;RAINFOREST_RESIN;9996;1;9995;24;;;10004;-1;10005;-24;;;10000.0;1149.5
-1;64200;KELP;2015;25;;;;;2018;-25;;;;;2016.5;1149.5
-1;64300;RAINFOREST_RESIN;9998;7;9996;1;9995;22;10004;-1;10005;-22;;;10001.0;1163.5
-1;64300;KELP;2015;23;;;;;2018;-23;;;;;2016.5;1163.5
-1;64400;RAINFOREST_RESIN;9998;8;9996;2;9995;27;10004;-2;10005;-27;;;10001.0;1163.5
-1;64400;KELP;2015;31;;;;;2018;-29;;;;;2016.5;1163.5
-1;64500;RAINFOREST_RESIN;9998;5;9996;2;9995;27;10004;-2;10005;-27;;;10001.0;1141.0
-1;64500;KELP;2015;29;;;;;2017;-6;2018;-29;;;2016.0;1141.0
-1;64600;RAINFOREST_RESIN;9995;26;;;;;10005;-26;;;;;10000.0;1149.5
-1;64600;KELP;2015;26;;;;;2018;-26;;;;;2016.5;1149.5
-1;64700;RAINFOREST_RESIN;9995;28;;;;;10005;-28;;;;;10000.0;1149.5
-1;64700;KELP;2015;28;;;;;2018;-28;;;;;2016.5;1149.5
-1;64800;RAINFOREST_RESIN;9996;2;9995;30;;;10004;-2;10005;-30;;;10000.0;1149.5
-1;64800;KELP;2015;2;2014;30;;;2018;-32;;;;;2016.5;1149.5
-1;64900;RAINFOREST_RESIN;9996;2;9995;29;;;10004;-2;10005;-29;;;10000.0;1127.0
-1;64900;KELP;2015;31;;;;;2017;-3;2018;-31;;;2016.0;1127.0
-1;65000;RAINFOREST_RESIN;9995;25;;;;;9998;-2;10005;-25;;;9996.5;1099.0
-1;65000;KELP;2015;25;;;;;2018;-25;;;;;2016.5;1099.0
-1;65100;RAINFOREST_RESIN;9996;2;9995;23;;;10004;-2;10005;-23;;;10000.0;1163.5
-1;65100;KELP;2015;25;;;;;2018;-25;;;;;2016.5;1163.5
-1;65200;RAINFOREST_RESIN;9998;8;9995;29;;;10005;-29;;;;;10001.5;1257.0
-1;65200;KELP;2017;0;2015;29;;;2019;-29;;;;;2018.0;1257.0
-1;65300;RAINFOREST_RESIN;9995;21;;;;;10002;-3;10005;-21;;;9998.5;1115.0
-1;65300;KELP;2015;21;;;;;2017;-2;2018;-21;;;2016.0;1115.0
-1;65400;RAINFOREST_RESIN;9996;2;9995;26;;;10000;-6;10004;-2;10005;-26;9998.0;1078.0
-1;65400;KELP;2015;28;;;;;2016;-3;2018;-28;;;2015.5;1078.0
-1;65500;RAINFOREST_RESIN;9996;2;9995;27;;;10004;-2;10005;-27;;;10000.0;1164.0
-1;65500;KELP;2015;36;;;;;2018;-29;;;;;2016.5;1164.0
-1;65600;RAINFOREST_RESIN;9998;5;9995;20;;;10005;-20;;;;;10001.5;1217.5
-1;65600;KELP;2015;20;;;;;2019;-20;;;;;2017.0;1217.5
-1;65700;RAINFOREST_RESIN;9995;29;;;;;10005;-29;;;;;10000.0;1142.0
-1;65700;KELP;2014;29;;;;;2018;-29;;;;;2016.0;1142.0
-1;65800;RAINFOREST_RESIN;9998;9;9995;20;;;10005;-20;;;;;10001.5;1173.5
-1;65800;KELP;2015;20;;;;;2017;-7;2018;-20;;;2016.0;1173.5
-1;65900;RAINFOREST_RESIN;9996;1;9995;23;;;10004;-1;10005;-23;;;10000.0;1164.0
-1;65900;KELP;2015;29;;;;;2018;-24;;;;;2016.5;1164.0
-1;66000;RAINFOREST_RESIN;9998;4;9996;2;9995;22;10004;-2;10005;-22;;;10001.0;1185.0
-1;66000;KELP;2015;24;;;;;2018;-24;;;;;2016.5;1185.0
-1;66100;RAINFOREST_RESIN;9996;1;9995;26;;;9998;-2;10004;-1;10005;-26;9997.0;1100.0
-1;66100;KELP;2015;27;;;;;2018;-27;;;;;2016.5;1100.0
-1;66200;RAINFOREST_RESIN;10002;0;10000;0;9995;20;10005;-20;;;;;10003.5;1268.0
-1;66200;KELP;2016;5;2015;20;;;2019;-20;;;;;2017.5;1268.0
-1;66300;RAINFOREST_RESIN;9996;1;9995;24;;;10004;-1;10005;-24;;;10000.0;1255.0
-1;66300;KELP;2018;0;2016;2;2015;25;2019;-25;;;;;2018.5;1255.0
-1;66400;RAINFOREST_RESIN;9995;21;;;;;9998;-6;10005;-21;;;9996.5;1131.5
-1;66400;KELP;2015;21;;;;;2019;-21;;;;;2017.0;1131.5
-1;66500;RAINFOREST_RESIN;9996;2;9995;20;;;10004;-2;10005;-20;;;10000.0;1198.0
-1;66500;KELP;2015;22;;;;;2019;-22;;;;;2017.0;1198.0
-1;66600;RAINFOREST_RESIN;9995;22;;;;;10005;-22;;;;;10000.0;1156.0
-1;66600;KELP;2015;22;;;;;2017;-3;2019;-22;;;2016.0;1156.0
-1;66700;RAINFOREST_RESIN;9998;9;9995;27;;;10005;-27;;;;;10001.5;1184.5
-1;66700;KELP;2014;27;;;;;2018;-27;;;;;2016.0;1184.5
-1;66800;RAINFOREST_RESIN;9995;30;;;;;10005;-30;;;;;10000.0;1156.0
-1;66800;KELP;2014;30;;;;;2018;-30;;;;;2016.0;1156.0
-1;66900;RAINFOREST_RESIN;9998;4;9995;23;;;10005;-23;;;;;10001.5;1246.5
-1;66900;KELP;2017;0;2015;4;2014;23;2018;-23;;;;;2017.5;1246.5
-1;67000;RAINFOREST_RESIN;9996;1;9995;24;;;10004;-1;10005;-24;;;10000.0;1178.0
-1;67000;KELP;2015;25;;;;;2018;-25;;;;;2016.5;1178.0
-1;67100;RAINFOREST_RESIN;9995;23;;;;;10005;-23;;;;;10000.0;1178.0
-1;67100;KELP;2015;23;;;;;2018;-23;;;;;2016.5;1178.0
-1;67200;RAINFOREST_RESIN;9996;2;9995;20;;;10002;-3;10004;-2;10005;-20;9999.0;1160.5
-1;67200;KELP;2015;21;;;;;2018;-22;;;;;2016.5;1160.5
-1;67300;RAINFOREST_RESIN;9995;30;;;;;9998;-6;10005;-30;;;9996.5;1108.5
-1;67300;KELP;2015;31;;;;;2018;-30;;;;;2016.5;1108.5
-1;67400;RAINFOREST_RESIN;9998;4;9996;1;9995;25;10004;-1;10005;-25;;;10001.0;1207.5
-1;67400;KELP;2015;26;;;;;2018;-26;;;;;2016.5;1207.5
-1;67500;RAINFOREST_RESIN;9995;21;;;;;10005;-21;;;;;10000.0;1187.0
-1;67500;KELP;2015;20;;;;;2018;-21;;;;;2016.5;1187.0
-1;67600;RAINFOREST_RESIN;9996;2;9995;25;;;10004;-2;10005;-25;;;10000.0;1193.0
-1;67600;KELP;2015;27;;;;;2018;-27;;;;;2016.5;1193.0
-1;67700;RAINFOREST_RESIN;9996;1;9995;29;;;10004;-1;10005;-29;;;10000.0;1193.0
-1;67700;KELP;2015;33;;;;;2018;-30;;;;;2016.5;1193.0
-1;67800;RAINFOREST_RESIN;9998;3;9995;30;;;10005;-30;;;;;10001.5;1226.0
-1;67800;KELP;2015;38;;;;;2018;-30;;;;;2016.5;1226.0
-1;67900;RAINFOREST_RESIN;9995;25;;;;;10005;-25;;;;;10000.0;1193.0
-1;67900;KELP;2015;25;;;;;2018;-25;;;;;2016.5;1193.0
-1;68000;RAINFOREST_RESIN;9996;2;9995;21;;;10004;-2;10005;-21;;;10000.0;1202.0
-1;68000;KELP;2015;23;;;;;2018;-23;;;;;2016.5;1202.0
-1;68100;RAINFOREST_RESIN;9996;2;9995;29;;;10004;-2;10005;-29;;;10000.0;1184.0
-1;68100;KELP;2015;31;;;;;2017;-4;2018;-31;;;2016.0;1184.0
-1;68200;RAINFOREST_RESIN;9996;2;9995;29;;;10004;-2;10005;-29;;;10000.0;1237.0
-1;68200;KELP;2017;0;2015;31;;;2018;-31;;;;;2017.5;1237.0
-1;68300;RAINFOREST_RESIN;9996;1;9995;28;;;10004;-1;10005;-28;;;10000.0;1236.0
-1;68300;KELP;2017;0;2015;29;;;2018;-29;;;;;2017.5;1236.0
-1;68400;RAINFOREST_RESIN;9996;2;9995;26;;;10004;-2;10005;-26;;;10000.0;1204.0
-1;68400;KELP;2015;28;;;;;2018;-28;;;;;2016.5;1204.0
-1;68500;RAINFOREST_RESIN;9995;23;;;;;10002;-5;10005;-23;;;9998.5;1171.0
-1;68500;KELP;2015;23;;;;;2018;-23;;;;;2016.5;1171.0
-1;68600;RAINFOREST_RESIN;9996;1;9995;24;;;10004;-1;10005;-24;;;10000.0;1205.5
-1;68600;KELP;2015;24;;;;;2018;-25;;;;;2016.5;1205.5
-1;68700;RAINFOREST_RESIN;9996;1;9995;27;;;10004;-1;10005;-27;;;10000.0;1205.5
-1;68700;KELP;2015;28;;;;;2018;-28;;;;;2016.5;1205.5
-1;68800;RAINFOREST_RESIN;9995;22;;;;;9998;-2;10005;-22;;;9996.5;1127.0
-1;68800;KELP;2015;22;;;;;2018;-22;;;;;2016.5;1127.0
-1;68900;RAINFOREST_RESIN;9996;1;9995;27;;;10004;-1;10005;-27;;;10000.0;1239.5
-1;68900;KELP;2017;0;2015;28;;;2018;-28;;;;;2017.5;1239.5
-1;69000;RAINFOREST_RESIN;9996;2;9995;28;;;10004;-2;10005;-28;;;10000.0;1208.5
-1;69000;KELP;2015;30;;;;;2018;-30;;;;;2016.5;1208.5
-1;69100;RAINFOREST_RESIN;9998;9;9996;1;9995;30;10004;-1;10005;-30;;;10001.0;1245.5
-1;69100;KELP;2015;30;;;;;2018;-31;;;;;2016.5;1245.5
-1;69200;RAINFOREST_RESIN;9996;2;9995;28;;;10004;-2;10005;-28;;;10000.0;1258.5
-1;69200;KELP;2017;0;2015;30;;;2018;-30;;;;;2017.5;1258.5
-1;69300;RAINFOREST_RESIN;9995;21;;;;;9998;-2;10005;-21;;;9996.5;1175.5
-1;69300;KELP;2017;0;2015;21;;;2018;-21;;;;;2017.5;1175.5
-1;69400;RAINFOREST_RESIN;10002;0;9998;2;9996;1;10004;-1;10005;-25;;;10003.0;1299.5
-1;69400;KELP;2015;26;;;;;2018;-26;;;;;2016.5;1299.5
-1;69500;RAINFOREST_RESIN;9998;1;9996;2;9995;24;10004;-2;10005;-24;;;10001.0;1253.5
-1;69500;KELP;2015;32;;;;;2018;-26;;;;;2016.5;1253.5
-1;69600;RAINFOREST_RESIN;9995;23;;;;;10005;-23;;;;;10000.0;1232.0
-1;69600;KELP;2015;22;;;;;2018;-23;;;;;2016.5;1232.0
-1;69700;RAINFOREST_RESIN;10002;0;9996;1;9995;20;10004;-1;10005;-20;;;10003.0;1303.0
-1;69700;KELP;2015;21;;;;;2018;-21;;;;;2016.5;1303.0
-1;69800;RAINFOREST_RESIN;9996;1;9995;23;;;10004;-1;10005;-23;;;10000.0;1237.0
-1;69800;KELP;2015;24;;;;;2018;-24;;;;;2016.5;1237.0
-1;69900;RAINFOREST_RESIN;9996;2;9995;27;;;10004;-2;10005;-27;;;10000.0;1237.0
-1;69900;KELP;2015;29;;;;;2018;-29;;;;;2016.5;1237.0
-1;70000;RAINFOREST_RESIN;9996;2;9995;27;;;10004;-2;10005;-27;;;10000.0;1237.0
-1;70000;KELP;2015;29;;;;;2018;-29;;;;;2016.5;1237.0
-1;70100;RAINFOREST_RESIN;9996;2;9995;22;;;10004;-2;10005;-22;;;10000.0;1237.5
-1;70100;KELP;2015;23;;;;;2018;-2;2019;-22;;;2016.5;1237.5
-1;70200;RAINFOREST_RESIN;9996;1;9995;21;;;10004;-1;10005;-21;;;10000.0;1237.5
-1;70200;KELP;2015;22;;;;;2018;-22;;;;;2016.5;1237.5
-1;70300;RAINFOREST_RESIN;9996;1;9995;25;;;9998;-4;10004;-1;10005;-25;9997.0;1169.5
-1;70300;KELP;2015;26;;;;;2018;-26;;;;;2016.5;1169.5
-1;70400;RAINFOREST_RESIN;9995;26;;;;;10005;-26;;;;;10000.0;1224.0
-1;70400;KELP;2015;26;;;;;2017;-6;2018;-26;;;2016.0;1224.0
-1;70500;RAINFOREST_RESIN;9995;23;;;;;10000;-6;10005;-23;;;9997.5;1139.0
-1;70500;KELP;2015;23;;;;;2016;-3;2017;-3;2018;-23;2015.5;1139.0
-1;70600;RAINFOREST_RESIN;9996;1;9995;27;;;10004;-1;10005;-27;;;10000.0;1248.5
-1;70600;KELP;2015;34;;;;;2018;-28;;;;;2016.5;1248.5
-1;70700;RAINFOREST_RESIN;9995;26;;;;;10005;-26;;;;;10000.0;1248.5
-1;70700;KELP;2015;26;;;;;2018;-26;;;;;2016.5;1248.5
-1;70800;RAINFOREST_RESIN;10002;0;9995;27;;;10005;-27;;;;;10003.5;1346.5
-1;70800;KELP;2015;26;;;;;2018;-27;;;;;2016.5;1346.5
-1;70900;RAINFOREST_RESIN;9996;2;9995;30;;;10004;-2;10005;-30;;;10000.0;1252.0
-1;70900;KELP;2015;32;;;;;2018;-32;;;;;2016.5;1252.0
-1;71000;RAINFOREST_RESIN;9996;1;9995;29;;;10002;-5;10004;-1;10005;-29;9999.0;1225.0
-1;71000;KELP;2015;30;;;;;2018;-30;;;;;2016.5;1225.0
-1;71100;RAINFOREST_RESIN;9998;9;9996;1;9995;21;10004;-1;10005;-21;;;10001.0;1279.0
-1;71100;KELP;2015;22;;;;;2018;-22;;;;;2016.5;1279.0
-1;71200;RAINFOREST_RESIN;10002;0;9996;1;9995;28;10004;-1;10005;-28;;;10003.0;1333.5
-1;71200;KELP;2015;28;;;;;2018;-29;;;;;2016.5;1333.5
-1;71300;RAINFOREST_RESIN;9996;2;9995;26;;;10002;-4;10004;-2;10005;-26;9999.0;1210.0
-1;71300;KELP;2015;28;;;;;2017;-4;2018;-28;;;2016.0;1210.0
-1;71400;RAINFOREST_RESIN;9996;2;9995;24;;;10002;-3;10004;-2;10005;-24;9999.0;1229.5
-1;71400;KELP;2015;26;;;;;2018;-26;;;;;2016.5;1229.5
-1;71500;RAINFOREST_RESIN;10002;0;9996;2;9995;26;10004;-2;10005;-26;;;10003.0;1337.0
-1;71500;KELP;2015;25;;;;;2018;-28;;;;;2016.5;1337.0
-1;71600;RAINFOREST_RESIN;9996;1;9995;27;;;9998;-6;10004;-1;10005;-27;9997.0;1163.0
-1;71600;KELP;2014;28;;;;;2018;-28;;;;;2016.0;1163.0
-1;71700;RAINFOREST_RESIN;9996;2;9995;29;;;10004;-2;10005;-29;;;10000.0;1205.0
-1;71700;KELP;2014;31;;;;;2016;-4;2018;-31;;;2015.0;1205.0
-1;71800;RAINFOREST_RESIN;10002;0;9996;2;9995;25;10004;-2;10005;-25;;;10003.0;1338.0
-1;71800;KELP;2014;27;;;;;2018;-27;;;;;2016.0;1338.0
-1;71900;RAINFOREST_RESIN;10002;0;9996;1;9995;25;10004;-1;10005;-25;;;10003.0;1337.0
-1;71900;KELP;2014;26;;;;;2018;-26;;;;;2016.0;1337.0
-1;72000;RAINFOREST_RESIN;9996;1;9995;20;;;10004;-1;10005;-20;;;10000.0;1260.0
-1;72000;KELP;2015;21;;;;;2017;-6;2018;-21;;;2016.0;1260.0
-1;72100;RAINFOREST_RESIN;9995;21;;;;;10005;-21;;;;;10000.0;1211.0
-1;72100;KELP;2014;21;;;;;2016;-5;2018;-21;;;2015.0;1211.0
-1;72200;RAINFOREST_RESIN;9996;2;9995;29;;;10004;-2;10005;-29;;;10000.0;1306.0
-1;72200;KELP;2016;0;2014;31;;;2018;-31;;;;;2017.0;1306.0
-1;72300;RAINFOREST_RESIN;9996;1;9995;22;;;10002;-8;10004;-1;10005;-22;9999.0;1234.0
-1;72300;KELP;2014;23;;;;;2018;-23;;;;;2016.0;1234.0
-1;72400;RAINFOREST_RESIN;10002;0;9996;2;9995;20;10004;-2;10005;-20;;;10003.0;1291.0
-1;72400;KELP;2014;22;;;;;2016;-6;2018;-22;;;2015.0;1291.0
-1;72500;RAINFOREST_RESIN;9996;2;9995;25;;;10004;-2;10005;-25;;;10000.0;1243.5
-1;72500;KELP;2014;34;;;;;2017;-27;;;;;2015.5;1243.5
-1;72600;RAINFOREST_RESIN;9996;2;9995;27;;;10004;-2;10005;-27;;;10000.0;1196.0
-1;72600;KELP;2014;35;;;;;2015;-9;2017;-29;;;2014.5;1196.0
-1;72700;RAINFOREST_RESIN;9995;23;;;;;10005;-23;;;;;10000.0;1246.0
-1;72700;KELP;2014;23;;;;;2017;-23;;;;;2015.5;1246.0
-1;72800;RAINFOREST_RESIN;9995;20;;;;;10005;-20;;;;;10000.0;1246.0
-1;72800;KELP;2014;20;;;;;2017;-20;;;;;2015.5;1246.0
-1;72900;RAINFOREST_RESIN;9998;1;9996;2;9995;22;10004;-2;10005;-22;;;10001.0;1270.0
-1;72900;KELP;2014;24;;;;;2017;-24;;;;;2015.5;1270.0
-1;73000;RAINFOREST_RESIN;9996;1;9995;21;;;10002;-7;10004;-1;10005;-21;9999.0;1197.0
-1;73000;KELP;2014;21;;;;;2016;-2;2017;-22;;;2015.0;1197.0
-1;73100;RAINFOREST_RESIN;9996;2;9995;29;;;10002;-3;10004;-2;10005;-29;9999.0;1222.0
-1;73100;KELP;2014;31;;;;;2017;-31;;;;;2015.5;1222.0
-1;73200;RAINFOREST_RESIN;9995;21;;;;;10005;-21;;;;;10000.0;1246.0
-1;73200;KELP;2014;21;;;;;2017;-21;;;;;2015.5;1246.0
-1;73300;RAINFOREST_RESIN;9996;1;9995;29;;;10004;-1;10005;-29;;;10000.0;1246.0
-1;73300;KELP;2014;30;;;;;2017;-30;;;;;2015.5;1246.0
-1;73400;RAINFOREST_RESIN;9995;30;;;;;9998;-2;10005;-30;;;9996.5;1135.5
-1;73400;KELP;2014;30;;;;;2016;-4;2017;-30;;;2015.0;1135.5
-1;73500;RAINFOREST_RESIN;9996;2;9995;23;;;10004;-2;10005;-23;;;10000.0;1248.0
-1;73500;KELP;2014;25;;;;;2017;-25;;;;;2015.5;1248.0
-1;73600;RAINFOREST_RESIN;9996;1;9995;24;;;10004;-1;10005;-24;;;10000.0;1248.0
-1;73600;KELP;2014;25;;;;;2017;-25;;;;;2015.5;1248.0
-1;73700;RAINFOREST_RESIN;9995;24;;;;;10005;-24;;;;;10000.0;1248.0
-1;73700;KELP;2014;24;;;;;2017;-24;;;;;2015.5;1248.0
-1;73800;RAINFOREST_RESIN;9995;24;;;;;10005;-24;;;;;10000.0;1223.0
-1;73800;KELP;2014;24;;;;;2016;-5;2018;-24;;;2015.0;1223.0
-1;73900;RAINFOREST_RESIN;9995;30;;;;;10005;-30;;;;;10000.0;1298.0
-1;73900;KELP;2015;27;;;;;2018;-30;;;;;2016.5;1298.0
-1;74000;RAINFOREST_RESIN;10002;0;9998;10;9996;2;10004;-2;10005;-24;;;10003.0;1347.0
-1;74000;KELP;2015;26;;;;;2017;-3;2018;-26;;;2016.0;1347.0
-1;74100;RAINFOREST_RESIN;10000;0;9996;2;9995;30;10004;-2;10005;-30;;;10002.0;1355.0
-1;74100;KELP;2016;0;2015;32;;;2018;-32;;;;;2017.0;1355.0
-1;74200;RAINFOREST_RESIN;9996;2;9995;20;;;10002;-6;10004;-2;10005;-20;9999.0;1279.0
-1;74200;KELP;2015;22;;;;;2018;-22;;;;;2016.5;1279.0
-1;74300;RAINFOREST_RESIN;9996;2;9995;30;;;10002;-6;10004;-2;10005;-30;9999.0;1280.5
-1;74300;KELP;2015;5;2014;32;;;2018;-32;;;;;2016.5;1280.5
-1;74400;RAINFOREST_RESIN;9995;30;;;;;10005;-30;;;;;10000.0;1298.5
-1;74400;KELP;2015;30;;;;;2018;-30;;;;;2016.5;1298.5
-1;74500;RAINFOREST_RESIN;10000;0;9995;29;;;10005;-29;;;;;10002.5;1355.5
-1;74500;KELP;2016;0;2014;29;;;2018;-29;;;;;2017.0;1355.5
-1;74600;RAINFOREST_RESIN;10002;0;9998;7;9995;29;10005;-29;;;;;10003.5;1327.0
-1;74600;KELP;2014;29;;;;;2018;-29;;;;;2016.0;1327.0
-1;74700;RAINFOREST_RESIN;9996;2;9995;30;;;10004;-2;10005;-30;;;10000.0;1278.0
-1;74700;KELP;2014;32;;;;;2018;-32;;;;;2016.0;1278.0
-1;74800;RAINFOREST_RESIN;9998;9;9996;1;9995;25;10004;-1;10005;-25;;;10001.0;1292.0
-1;74800;KELP;2014;26;;;;;2018;-26;;;;;2016.0;1292.0
-1;74900;RAINFOREST_RESIN;10002;0;9996;1;9995;30;10004;-1;10005;-30;;;10003.0;1340.0
-1;74900;KELP;2015;31;;;;;2018;-31;;;;;2016.5;1340.0
-1;75000;RAINFOREST_RESIN;9995;27;;;;;9998;-2;10005;-27;;;9996.5;1257.5
-1;75000;KELP;2016;0;2014;27;;;2017;-27;;;;;2016.5;1257.5
-1;75100;RAINFOREST_RESIN;9995;30;;;;;10005;-30;;;;;10000.0;1298.0
-1;75100;KELP;2014;30;;;;;2017;-30;;;;;2015.5;1298.0
-1;75200;RAINFOREST_RESIN;9998;2;9996;2;9995;24;10004;-2;10005;-24;;;10001.0;1359.5
-1;75200;KELP;2016;0;2014;26;;;2017;-2;2018;-24;;;2016.5;1359.5
-1;75300;RAINFOREST_RESIN;9996;1;9995;28;;;10004;-1;10005;-28;;;10000.0;1299.5
-1;75300;KELP;2014;29;;;;;2017;-29;;;;;2015.5;1299.5
-1;75400;RAINFOREST_RESIN;9996;1;9995;30;;;10004;-1;10005;-30;;;10000.0;1299.5
-1;75400;KELP;2014;31;;;;;2017;-31;;;;;2015.5;1299.5
-1;75500;RAINFOREST_RESIN;9996;2;9995;28;;;10004;-2;10005;-28;;;10000.0;1308.5
-1;75500;KELP;2014;34;;;;;2017;-30;;;;;2015.5;1308.5
-1;75600;RAINFOREST_RESIN;10002;0;9996;2;9995;26;10004;-2;10005;-26;;;10003.0;1382.5
-1;75600;KELP;2014;28;;;;;2017;-28;;;;;2015.5;1382.5
-1;75700;RAINFOREST_RESIN;9996;1;9995;26;;;10004;-1;10005;-26;;;10000.0;1291.0
-1;75700;KELP;2014;27;;;;;2016;-3;2017;-27;;;2015.0;1291.0
-1;75800;RAINFOREST_RESIN;9998;5;9996;1;9995;29;10004;-1;10005;-29;;;10001.0;1334.5
-1;75800;KELP;2014;30;;;;;2017;-30;;;;;2015.5;1334.5
-1;75900;RAINFOREST_RESIN;9995;21;;;;;10002;-8;10005;-21;;;9998.5;1300.0
-1;75900;KELP;2014;21;;;;;2018;-21;;;;;2016.0;1300.0
-1;76000;RAINFOREST_RESIN;9998;2;9996;2;9995;30;10004;-2;10005;-30;;;10001.0;1382.5
-1;76000;KELP;2015;32;;;;;2018;-32;;;;;2016.5;1382.5
