timestamp;buyer;seller;symbol;currency;price;quantity
0;;SUBMISSION;RAINFOREST_RESIN;SEASHELLS;10002;1
0;;SUBMISSION;RAINFOREST_RESIN;SEASHELLS;10004;1
0;;SUBMISSION;KELP;SEASHELLS;2028;1
0;;SUBMISSION;KELP;SEASHELLS;2028;13
0;;SUBMISSION;KELP;SEASHELLS;2028;1
600;;SUBMISSION;RAINFOREST_RESIN;SEASHELLS;10000;5
600;;SUBMISSION;KELP;SEASHELLS;2026;5
1000;SUBMISSION;;KELP;SEASHELLS;2026;6
1100;SUBMISSION;;RAINFOREST_RESIN;SEASHELLS;9996;2
1200;SUBMISSION;;RAINFOREST_RESIN;SEASHELLS;9998;1
1200;SUBMISSION;;KELP;SEASHELLS;2026;8
1300;;SUBMISSION;RAINFOREST_RESIN;SEASHELLS;10002;1
1600;SUBMISSION;;KELP;SEASHELLS;2026;4
1700;SUBMISSION;;KELP;SEASHELLS;2026;8
1800;;SUBMISSION;RAINFOREST_RESIN;SEASHELLS;10002;1
1900;SUBMISSION;;KELP;SEASHELLS;2026;5
1900;;SUBMISSION;KELP;SEASHELLS;2026;1
2000;SUBMISSION;;RAINFOREST_RESIN;SEASHELLS;9998;1
2200;SUBMISSION;;KELP;SEASHELLS;2026;7
2400;SUBMISSION;;KELP;SEASHELLS;2025;1
2400;SUBMISSION;;KELP;SEASHELLS;2025;2
2400;SUBMISSION;;KELP;SEASHELLS;2025;1
2900;SUBMISSION;;RAINFOREST_RESIN;SEASHELLS;9996;1
2900;SUBMISSION;;RAINFOREST_RESIN;SEASHELLS;9996;11
3000;;SUBMISSION;RAINFOREST_RESIN;SEASHELLS;10004;1
3000;;SUBMISSION;KELP;SEASHELLS;2026;1
3100;SUBMISSION;;RAINFOREST_RESIN;SEASHELLS;9996;2
3100;SUBMISSION;;KELP;SEASHELLS;2024;2
3200;SUBMISSION;;RAINFOREST_RESIN;SEASHELLS;9996;1
3200;SUBMISSION;;RAINFOREST_RESIN;SEASHELLS;9996;1
3200;SUBMISSION;;KELP;SEASHELLS;2024;2
3600;SUBMISSION;;RAINFOREST_RESIN;SEASHELLS;9998;4
3700;;SUBMISSION;RAINFOREST_RESIN;SEASHELLS;10002;1
3800;SUBMISSION;;RAINFOREST_RESIN;SEASHELLS;9996;1
3800;SUBMISSION;;KELP;SEASHELLS;2024;14
3800;SUBMISSION;;KELP;SEASHELLS;2024;1
4200;SUBMISSION;;RAINFOREST_RESIN;SEASHELLS;9996;2
4300;SUBMISSION;;RAINFOREST_RESIN;SEASHELLS;9998;1
4300;SUBMISSION;;RAINFOREST_RESIN;SEASHELLS;9998;2
4300;SUBMISSION;;RAINFOREST_RESIN;SEASHELLS;10000;4
4300;SUBMISSION;;RAINFOREST_RESIN;SEASHELLS;9996;2
4300;SUBMISSION;;KELP;SEASHELLS;2023;2
4300;;SUBMISSION;KELP;SEASHELLS;2025;1
4500;SUBMISSION;;KELP;SEASHELLS;2023;1
4700;SUBMISSION;;KELP;SEASHELLS;2023;7
4800;;SUBMISSION;RAINFOREST_RESIN;SEASHELLS;10004;2
4800;;SUBMISSION;KELP;SEASHELLS;2026;2
5300;;SUBMISSION;KELP;SEASHELLS;2025;1
5300;;SUBMISSION;KELP;SEASHELLS;2025;1
5600;;SUBMISSION;KELP;SEASHELLS;2025;2
5700;SUBMISSION;;KELP;SEASHELLS;2025;1
6100;SUBMISSION;;KELP;SEASHELLS;2025;1
6500;SUBMISSION;;RAINFOREST_RESIN;SEASHELLS;9998;1
6900;;SUBMISSION;KELP;SEASHELLS;2026;1
7000;;SUBMISSION;RAINFOREST_RESIN;SEASHELLS;10004;2
7000;;SUBMISSION;KELP;SEASHELLS;2026;4
7000;;SUBMISSION;KELP;SEASHELLS;2026;2
7300;;SUBMISSION;RAINFOREST_RESIN;SEASHELLS;10002;1
7300;;SUBMISSION;RAINFOREST_RESIN;SEASHELLS;10004;2
7400;SUBMISSION;;KELP;SEASHELLS;2025;1
7700;SUBMISSION;;KELP;SEASHELLS;2025;1
8100;SUBMISSION;;RAINFOREST_RESIN;SEASHELLS;9996;1
8100;SUBMISSION;;RAINFOREST_RESIN;SEASHELLS;9996;1
8100;;SUBMISSION;KELP;SEASHELLS;2026;1
8600;SUBMISSION;;KELP;SEASHELLS;2023;1
8800;SUBMISSION;;RAINFOREST_RESIN;SEASHELLS;9998;1
9200;;SUBMISSION;KELP;SEASHELLS;2025;1
9900;;SUBMISSION;KELP;SEASHELLS;2025;4
10300;;SUBMISSION;KELP;SEASHELLS;2024;1
10300;;SUBMISSION;KELP;SEASHELLS;2024;1
10400;;SUBMISSION;RAINFOREST_RESIN;SEASHELLS;10002;1
10600;SUBMISSION;;RAINFOREST_RESIN;SEASHELLS;10000;4
10600;SUBMISSION;;KELP;SEASHELLS;2023;4
10600;SUBMISSION;;KELP;SEASHELLS;2023;8
10800;;SUBMISSION;RAINFOREST_RESIN;SEASHELLS;10004;2
10800;;SUBMISSION;RAINFOREST_RESIN;SEASHELLS;10004;10
11000;;SUBMISSION;KELP;SEASHELLS;2024;7
11300;SUBMISSION;;KELP;SEASHELLS;2023;3
11400;SUBMISSION;;KELP;SEASHELLS;2023;2
11700;SUBMISSION;;KELP;SEASHELLS;2023;2
11700;SUBMISSION;;KELP;SEASHELLS;2023;4
11800;SUBMISSION;;RAINFOREST_RESIN;SEASHELLS;10000;5
11800;;SUBMISSION;KELP;SEASHELLS;2025;1
12000;;SUBMISSION;RAINFOREST_RESIN;SEASHELLS;10002;1
12500;SUBMISSION;;KELP;SEASHELLS;2023;1
13000;;SUBMISSION;RAINFOREST_RESIN;SEASHELLS;10002;1
13000;;SUBMISSION;KELP;SEASHELLS;2025;1
13000;;SUBMISSION;KELP;SEASHELLS;2025;1
13300;;SUBMISSION;RAINFOREST_RESIN;SEASHELLS;10004;2
13300;;SUBMISSION;KELP;SEASHELLS;2025;2
13600;SUBMISSION;;KELP;SEASHELLS;2023;1
13700;SUBMISSION;;RAINFOREST_RESIN;SEASHELLS;9998;4
13900;SUBMISSION;;RAINFOREST_RESIN;SEASHELLS;10000;6
14200;SUBMISSION;;KELP;SEASHELLS;2023;1
14600;SUBMISSION;;RAINFOREST_RESIN;SEASHELLS;10000;2
14900;;SUBMISSION;RAINFOREST_RESIN;SEASHELLS;10000;4
15000;;SUBMISSION;KELP;SEASHELLS;2024;8
15000;;SUBMISSION;KELP;SEASHELLS;2024;2
15200;SUBMISSION;;KELP;SEASHELLS;2023;1
15400;SUBMISSION;;RAINFOREST_RESIN;SEASHELLS;9998;1
15500;;SUBMISSION;RAINFOREST_RESIN;SEASHELLS;10002;1
15600;;SUBMISSION;KELP;SEASHELLS;2024;2
15700;;SUBMISSION;RAINFOREST_RESIN;SEASHELLS;10002;5
15800;;SUBMISSION;KELP;SEASHELLS;2025;1
15800;;SUBMISSION;KELP;SEASHELLS;2025;1
15900;SUBMISSION;;RAINFOREST_RESIN;SEASHELLS;10000;6
16100;SUBMISSION;;RAINFOREST_RESIN;SEASHELLS;10000;2
16100;SUBMISSION;;KELP;SEASHELLS;2023;2
16100;SUBMISSION;;KELP;SEASHELLS;2023;4
16200;SUBMISSION;;RAINFOREST_RESIN;SEASHELLS;9998;1
16200;SUBMISSION;;KELP;SEASHELLS;2023;1
16200;SUBMISSION;;KELP;SEASHELLS;2023;2
16200;SUBMISSION;;KELP;SEASHELLS;2023;1
16200;SUBMISSION;;KELP;SEASHELLS;2023;1
16600;SUBMISSION;;KELP;SEASHELLS;2023;1
16600;SUBMISSION;;KELP;SEASHELLS;2023;2
16600;SUBMISSION;;KELP;SEASHELLS;2023;1
16700;;SUBMISSION;RAINFOREST_RESIN;SEASHELLS;10002;1
16700;;SUBMISSION;KELP;SEASHELLS;2025;1
16700;;SUBMISSION;KELP;SEASHELLS;2025;1
16800;SUBMISSION;;RAINFOREST_RESIN;SEASHELLS;9996;5
17400;;SUBMISSION;RAINFOREST_RESIN;SEASHELLS;10000;6
17400;;SUBMISSION;KELP;SEASHELLS;2024;6
17700;;SUBMISSION;KELP;SEASHELLS;2025;1
18200;SUBMISSION;;KELP;SEASHELLS;2025;4
18200;SUBMISSION;;KELP;SEASHELLS;2025;1
18500;SUBMISSION;;RAINFOREST_RESIN;SEASHELLS;10000;2
18500;SUBMISSION;;KELP;SEASHELLS;2025;1
18500;SUBMISSION;;KELP;SEASHELLS;2025;2
18500;;SUBMISSION;KELP;SEASHELLS;2026;1
18600;;SUBMISSION;RAINFOREST_RESIN;SEASHELLS;10002;1
19000;SUBMISSION;;KELP;SEASHELLS;2025;4
19200;SUBMISSION;;RAINFOREST_RESIN;SEASHELLS;9998;1
19300;SUBMISSION;;RAINFOREST_RESIN;SEASHELLS;9996;1
19700;;SUBMISSION;RAINFOREST_RESIN;SEASHELLS;10002;1
20100;;SUBMISSION;RAINFOREST_RESIN;SEASHELLS;10002;1
20200;SUBMISSION;;RAINFOREST_RESIN;SEASHELLS;9998;1
20500;;SUBMISSION;RAINFOREST_RESIN;SEASHELLS;10000;3
20500;;SUBMISSION;KELP;SEASHELLS;2025;4
20700;;SUBMISSION;RAINFOREST_RESIN;SEASHELLS;10002;1
20700;;SUBMISSION;RAINFOREST_RESIN;SEASHELLS;10000;6
20700;;SUBMISSION;KELP;SEASHELLS;2025;6
20900;;SUBMISSION;KELP;SEASHELLS;2026;1
21200;SUBMISSION;;RAINFOREST_RESIN;SEASHELLS;9998;1
21300;SUBMISSION;;RAINFOREST_RESIN;SEASHELLS;9996;1
21300;SUBMISSION;;RAINFOREST_RESIN;SEASHELLS;9996;7
21500;;SUBMISSION;KELP;SEASHELLS;2026;4
21600;;SUBMISSION;RAINFOREST_RESIN;SEASHELLS;10002;12
21700;;SUBMISSION;KELP;SEASHELLS;2026;8
21900;;SUBMISSION;RAINFOREST_RESIN;SEASHELLS;10002;3
22100;SUBMISSION;;KELP;SEASHELLS;2025;1
22400;SUBMISSION;;RAINFOREST_RESIN;SEASHELLS;9998;1
22500;;SUBMISSION;KELP;SEASHELLS;2025;11
22600;;SUBMISSION;RAINFOREST_RESIN;SEASHELLS;10000;6
22600;;SUBMISSION;KELP;SEASHELLS;2024;6
22800;SUBMISSION;;RAINFOREST_RESIN;SEASHELLS;9998;2
22800;SUBMISSION;;KELP;SEASHELLS;2024;1
23200;SUBMISSION;;KELP;SEASHELLS;2024;3
23200;SUBMISSION;;KELP;SEASHELLS;2023;2
23500;SUBMISSION;;KELP;SEASHELLS;2024;1
23700;;SUBMISSION;RAINFOREST_RESIN;SEASHELLS;10002;1
23800;;SUBMISSION;KELP;SEASHELLS;2024;1
23900;;SUBMISSION;KELP;SEASHELLS;2025;1
23900;;SUBMISSION;KELP;SEASHELLS;2025;1
24100;SUBMISSION;;RAINFOREST_RESIN;SEASHELLS;9996;1
24100;SUBMISSION;;RAINFOREST_RESIN;SEASHELLS;9996;7
24100;;SUBMISSION;KELP;SEASHELLS;2025;1
24400;;SUBMISSION;RAINFOREST_RESIN;SEASHELLS;10002;1
24400;;SUBMISSION;KELP;SEASHELLS;2025;1
24500;;SUBMISSION;RAINFOREST_RESIN;SEASHELLS;10002;1
24600;SUBMISSION;;RAINFOREST_RESIN;SEASHELLS;9998;2
24600;SUBMISSION;;KELP;SEASHELLS;2024;2
24900;;SUBMISSION;RAINFOREST_RESIN;SEASHELLS;10002;1
24900;;SUBMISSION;KELP;SEASHELLS;2024;4
25100;;SUBMISSION;RAINFOREST_RESIN;SEASHELLS;10002;1
25100;SUBMISSION;;KELP;SEASHELLS;2024;4
25200;SUBMISSION;;RAINFOREST_RESIN;SEASHELLS;9998;5
25300;SUBMISSION;;KELP;SEASHELLS;2023;1
25400;;SUBMISSION;KELP;SEASHELLS;2025;8
25500;SUBMISSION;;RAINFOREST_RESIN;SEASHELLS;9998;6
25700;;SUBMISSION;RAINFOREST_RESIN;SEASHELLS;10004;2
25800;;SUBMISSION;RAINFOREST_RESIN;SEASHELLS;10002;4
25800;SUBMISSION;;KELP;SEASHELLS;2024;1
26000;SUBMISSION;;KELP;SEASHELLS;2024;7
26300;SUBMISSION;;RAINFOREST_RESIN;SEASHELLS;9998;1
26400;SUBMISSION;;KELP;SEASHELLS;2024;1
26600;SUBMISSION;;RAINFOREST_RESIN;SEASHELLS;9998;1
26800;;SUBMISSION;KELP;SEASHELLS;2025;1
26900;;SUBMISSION;RAINFOREST_RESIN;SEASHELLS;10002;1
26900;SUBMISSION;;KELP;SEASHELLS;2024;1
27300;;SUBMISSION;KELP;SEASHELLS;2025;1
27300;;SUBMISSION;KELP;SEASHELLS;2025;1
27800;;SUBMISSION;KELP;SEASHELLS;2025;1
27900;;SUBMISSION;KELP;SEASHELLS;2025;1
27900;;SUBMISSION;KELP;SEASHELLS;2025;1
28200;SUBMISSION;;RAINFOREST_RESIN;SEASHELLS;9998;2
28200;SUBMISSION;;KELP;SEASHELLS;2025;5
28300;SUBMISSION;;KELP;SEASHELLS;2024;2
28300;SUBMISSION;;KELP;SEASHELLS;2024;4
28400;SUBMISSION;;KELP;SEASHELLS;2024;1
28600;;SUBMISSION;RAINFOREST_RESIN;SEASHELLS;10002;1
28600;SUBMISSION;;KELP;SEASHELLS;2025;8
29000;;SUBMISSION;RAINFOREST_RESIN;SEASHELLS;10004;8
29000;SUBMISSION;;KELP;SEASHELLS;2025;1
29200;;SUBMISSION;KELP;SEASHELLS;2026;1
29400;;SUBMISSION;RAINFOREST_RESIN;SEASHELLS;10002;1
29400;SUBMISSION;;KELP;SEASHELLS;2025;1
29700;SUBMISSION;;KELP;SEASHELLS;2025;1
30200;;SUBMISSION;KELP;SEASHELLS;2026;10
30300;;SUBMISSION;KELP;SEASHELLS;2026;1
30300;;SUBMISSION;KELP;SEASHELLS;2026;1
30400;;SUBMISSION;RAINFOREST_RESIN;SEASHELLS;10000;5
30600;SUBMISSION;;KELP;SEASHELLS;2024;1
30600;;SUBMISSION;KELP;SEASHELLS;2026;1
31000;;SUBMISSION;RAINFOREST_RESIN;SEASHELLS;10000;4
31000;;SUBMISSION;KELP;SEASHELLS;2024;4
31300;SUBMISSION;;KELP;SEASHELLS;2024;13
31400;SUBMISSION;;RAINFOREST_RESIN;SEASHELLS;9998;1
31600;;SUBMISSION;KELP;SEASHELLS;2025;1
31600;;SUBMISSION;KELP;SEASHELLS;2025;1
31800;;SUBMISSION;RAINFOREST_RESIN;SEASHELLS;10000;6
31900;;SUBMISSION;RAINFOREST_RESIN;SEASHELLS;10004;2
32500;SUBMISSION;;KELP;SEASHELLS;2024;1
32600;;SUBMISSION;RAINFOREST_RESIN;SEASHELLS;10002;1
32600;;SUBMISSION;RAINFOREST_RESIN;SEASHELLS;10004;2
32600;;SUBMISSION;KELP;SEASHELLS;2026;2
32800;SUBMISSION;;RAINFOREST_RESIN;SEASHELLS;9996;2
33000;;SUBMISSION;KELP;SEASHELLS;2025;1
33200;SUBMISSION;;KELP;SEASHELLS;2024;10
33200;SUBMISSION;;KELP;SEASHELLS;2024;13
33500;;SUBMISSION;RAINFOREST_RESIN;SEASHELLS;10004;1
33500;;SUBMISSION;KELP;SEASHELLS;2025;1
33600;;SUBMISSION;RAINFOREST_RESIN;SEASHELLS;10002;6
33800;;SUBMISSION;KELP;SEASHELLS;2024;3
34000;;SUBMISSION;RAINFOREST_RESIN;SEASHELLS;10002;1
34000;SUBMISSION;;KELP;SEASHELLS;2023;1
34100;SUBMISSION;;RAINFOREST_RESIN;SEASHELLS;9996;1
34100;SUBMISSION;;RAINFOREST_RESIN;SEASHELLS;9996;2
34200;SUBMISSION;;KELP;SEASHELLS;2023;3
34300;;SUBMISSION;RAINFOREST_RESIN;SEASHELLS;10002;1
35000;;SUBMISSION;RAINFOREST_RESIN;SEASHELLS;10002;1
35000;;SUBMISSION;KELP;SEASHELLS;2025;1
35000;;SUBMISSION;KELP;SEASHELLS;2025;1
35100;;SUBMISSION;RAINFOREST_RESIN;SEASHELLS;10002;3
35300;SUBMISSION;;KELP;SEASHELLS;2023;2
35300;;SUBMISSION;KELP;SEASHELLS;2025;1
35400;;SUBMISSION;RAINFOREST_RESIN;SEASHELLS;10002;3
35400;;SUBMISSION;KELP;SEASHELLS;2025;1
35400;;SUBMISSION;KELP;SEASHELLS;2025;1
35800;SUBMISSION;;KELP;SEASHELLS;2023;2
36100;;SUBMISSION;RAINFOREST_RESIN;SEASHELLS;10002;8
36200;SUBMISSION;;RAINFOREST_RESIN;SEASHELLS;9998;1
36400;;SUBMISSION;KELP;SEASHELLS;2024;1
36500;SUBMISSION;;KELP;SEASHELLS;2023;2
37300;SUBMISSION;;RAINFOREST_RESIN;SEASHELLS;9998;10
37400;;SUBMISSION;RAINFOREST_RESIN;SEASHELLS;10002;1
37500;SUBMISSION;;RAINFOREST_RESIN;SEASHELLS;9996;1
38000;;SUBMISSION;RAINFOREST_RESIN;SEASHELLS;10002;1
38400;SUBMISSION;;RAINFOREST_RESIN;SEASHELLS;10000;6
38400;;SUBMISSION;KELP;SEASHELLS;2020;6
38500;;SUBMISSION;RAINFOREST_RESIN;SEASHELLS;10002;1
38600;SUBMISSION;;RAINFOREST_RESIN;SEASHELLS;9996;1
38600;SUBMISSION;;KELP;SEASHELLS;2019;1
38800;SUBMISSION;;RAINFOREST_RESIN;SEASHELLS;9996;1
39200;;SUBMISSION;KELP;SEASHELLS;2022;1
39400;;SUBMISSION;RAINFOREST_RESIN;SEASHELLS;10004;1
39400;;SUBMISSION;KELP;SEASHELLS;2022;1
39500;SUBMISSION;;RAINFOREST_RESIN;SEASHELLS;9998;1
39600;;SUBMISSION;KELP;SEASHELLS;2021;4
40300;SUBMISSION;;RAINFOREST_RESIN;SEASHELLS;9998;1
40500;;SUBMISSION;RAINFOREST_RESIN;SEASHELLS;10002;1
40500;SUBMISSION;;KELP;SEASHELLS;2019;1
40900;;SUBMISSION;RAINFOREST_RESIN;SEASHELLS;10004;2
40900;;SUBMISSION;RAINFOREST_RESIN;SEASHELLS;10004;1
40900;;SUBMISSION;RAINFOREST_RESIN;SEASHELLS;10004;8
41100;SUBMISSION;;KELP;SEASHELLS;2019;2
41100;SUBMISSION;;KELP;SEASHELLS;2019;1
41400;SUBMISSION;;RAINFOREST_RESIN;SEASHELLS;10000;4
41700;;SUBMISSION;RAINFOREST_RESIN;SEASHELLS;10000;5
41700;SUBMISSION;;KELP;SEASHELLS;2018;1
41700;;SUBMISSION;KELP;SEASHELLS;2019;4
41900;SUBMISSION;;RAINFOREST_RESIN;SEASHELLS;9998;4
42000;SUBMISSION;;KELP;SEASHELLS;2019;1
42000;;SUBMISSION;KELP;SEASHELLS;2020;5
42200;;SUBMISSION;RAINFOREST_RESIN;SEASHELLS;10002;1
42300;SUBMISSION;;KELP;SEASHELLS;2019;7
42300;SUBMISSION;;KELP;SEASHELLS;2019;7
42600;SUBMISSION;;RAINFOREST_RESIN;SEASHELLS;9996;2
42900;;SUBMISSION;RAINFOREST_RESIN;SEASHELLS;10004;2
42900;;SUBMISSION;KELP;SEASHELLS;2022;2
43500;SUBMISSION;;KELP;SEASHELLS;2021;1
43900;;SUBMISSION;RAINFOREST_RESIN;SEASHELLS;10002;4
44100;SUBMISSION;;RAINFOREST_RESIN;SEASHELLS;9998;1
44500;;SUBMISSION;KELP;SEASHELLS;2021;1
44500;;SUBMISSION;KELP;SEASHELLS;2021;1
44800;SUBMISSION;;RAINFOREST_RESIN;SEASHELLS;9998;1
45000;;SUBMISSION;RAINFOREST_RESIN;SEASHELLS;10002;1
45400;SUBMISSION;;RAINFOREST_RESIN;SEASHELLS;9998;1
45400;SUBMISSION;;KELP;SEASHELLS;2019;1
45500;SUBMISSION;;RAINFOREST_RESIN;SEASHELLS;10000;3
45500;SUBMISSION;;KELP;SEASHELLS;2019;2
45900;;SUBMISSION;RAINFOREST_RESIN;SEASHELLS;10004;1
45900;;SUBMISSION;RAINFOREST_RESIN;SEASHELLS;10004;1
45900;;SUBMISSION;KELP;SEASHELLS;2021;2
46500;;SUBMISSION;RAINFOREST_RESIN;SEASHELLS;10000;6
46600;SUBMISSION;;KELP;SEASHELLS;2019;2
46900;;SUBMISSION;KELP;SEASHELLS;2021;1
46900;;SUBMISSION;KELP;SEASHELLS;2021;1
47100;SUBMISSION;;RAINFOREST_RESIN;SEASHELLS;9998;1
47100;SUBMISSION;;KELP;SEASHELLS;2019;2
47200;;SUBMISSION;RAINFOREST_RESIN;SEASHELLS;10002;1
47300;;SUBMISSION;RAINFOREST_RESIN;SEASHELLS;10002;1
47900;;SUBMISSION;RAINFOREST_RESIN;SEASHELLS;10002;1
48100;SUBMISSION;;RAINFOREST_RESIN;SEASHELLS;9996;2
48300;SUBMISSION;;RAINFOREST_RESIN;SEASHELLS;9998;1
48300;SUBMISSION;;RAINFOREST_RESIN;SEASHELLS;9998;2
48300;SUBMISSION;;RAINFOREST_RESIN;SEASHELLS;10000;3
48500;SUBMISSION;;RAINFOREST_RESIN;SEASHELLS;9998;1
48600;SUBMISSION;;RAINFOREST_RESIN;SEASHELLS;9996;1
49400;;SUBMISSION;KELP;SEASHELLS;2021;9
49400;;SUBMISSION;KELP;SEASHELLS;2020;5
49400;;SUBMISSION;KELP;SEASHELLS;2020;9
49500;;SUBMISSION;KELP;SEASHELLS;2021;6
49600;;SUBMISSION;KELP;SEASHELLS;2021;1
49600;;SUBMISSION;KELP;SEASHELLS;2021;1
49800;SUBMISSION;;KELP;SEASHELLS;2020;5
49800;SUBMISSION;;KELP;SEASHELLS;2020;10
49800;SUBMISSION;;KELP;SEASHELLS;2020;5
49900;;SUBMISSION;RAINFOREST_RESIN;SEASHELLS;10004;2
49900;;SUBMISSION;KELP;SEASHELLS;2022;2
50400;SUBMISSION;;RAINFOREST_RESIN;SEASHELLS;10000;2
50600;;SUBMISSION;RAINFOREST_RESIN;SEASHELLS;10002;1
50600;SUBMISSION;;KELP;SEASHELLS;2020;6
50600;SUBMISSION;;KELP;SEASHELLS;2020;7
50800;;SUBMISSION;RAINFOREST_RESIN;SEASHELLS;10002;5
50800;;SUBMISSION;KELP;SEASHELLS;2022;1
51300;SUBMISSION;;KELP;SEASHELLS;2021;1
51500;;SUBMISSION;KELP;SEASHELLS;2022;1
51600;;SUBMISSION;RAINFOREST_RESIN;SEASHELLS;10000;5
51700;SUBMISSION;;RAINFOREST_RESIN;SEASHELLS;9996;11
51700;SUBMISSION;;KELP;SEASHELLS;2021;1
51900;SUBMISSION;;RAINFOREST_RESIN;SEASHELLS;9996;1
51900;;SUBMISSION;KELP;SEASHELLS;2021;4
52100;SUBMISSION;;RAINFOREST_RESIN;SEASHELLS;9996;8
52300;;SUBMISSION;RAINFOREST_RESIN;SEASHELLS;10002;1
52300;;SUBMISSION;KELP;SEASHELLS;2022;1
52300;;SUBMISSION;KELP;SEASHELLS;2022;1
52500;SUBMISSION;;RAINFOREST_RESIN;SEASHELLS;9998;1
52500;;SUBMISSION;KELP;SEASHELLS;2022;1
52600;SUBMISSION;;RAINFOREST_RESIN;SEASHELLS;10000;4
52700;SUBMISSION;;KELP;SEASHELLS;2020;1
52900;;SUBMISSION;RAINFOREST_RESIN;SEASHELLS;10004;6
53000;;SUBMISSION;RAINFOREST_RESIN;SEASHELLS;10002;1
53200;;SUBMISSION;KELP;SEASHELLS;2022;1
53600;SUBMISSION;;RAINFOREST_RESIN;SEASHELLS;9998;9
53800;;SUBMISSION;RAINFOREST_RESIN;SEASHELLS;10002;3
53900;;SUBMISSION;RAINFOREST_RESIN;SEASHELLS;10004;2
53900;;SUBMISSION;KELP;SEASHELLS;2022;2
54100;SUBMISSION;;KELP;SEASHELLS;2021;1
54300;;SUBMISSION;RAINFOREST_RESIN;SEASHELLS;10004;2
54300;;SUBMISSION;RAINFOREST_RESIN;SEASHELLS;10004;1
54300;;SUBMISSION;KELP;SEASHELLS;2022;1
54300;;SUBMISSION;KELP;SEASHELLS;2022;1
54600;;SUBMISSION;RAINFOREST_RESIN;SEASHELLS;10002;3
55000;SUBMISSION;;KELP;SEASHELLS;2019;1
55100;;SUBMISSION;RAINFOREST_RESIN;SEASHELLS;10004;2
55200;SUBMISSION;;KELP;SEASHELLS;2019;3
55200;SUBMISSION;;KELP;SEASHELLS;2019;6
55300;SUBMISSION;;RAINFOREST_RESIN;SEASHELLS;9998;1
55500;;SUBMISSION;KELP;SEASHELLS;2021;1
55700;SUBMISSION;;RAINFOREST_RESIN;SEASHELLS;9996;1
55700;SUBMISSION;;KELP;SEASHELLS;2019;1
56200;;SUBMISSION;KELP;SEASHELLS;2020;2
56300;;SUBMISSION;RAINFOREST_RESIN;SEASHELLS;10002;1
56700;SUBMISSION;;RAINFOREST_RESIN;SEASHELLS;10000;2
56700;;SUBMISSION;KELP;SEASHELLS;2020;6
56800;;SUBMISSION;RAINFOREST_RESIN;SEASHELLS;10002;1
57200;;SUBMISSION;RAINFOREST_RESIN;SEASHELLS;10002;2
57200;;SUBMISSION;KELP;SEASHELLS;2019;1
57200;;SUBMISSION;KELP;SEASHELLS;2019;1
57500;;SUBMISSION;KELP;SEASHELLS;2019;5
57500;;SUBMISSION;KELP;SEASHELLS;2019;5
57900;SUBMISSION;;RAINFOREST_RESIN;SEASHELLS;9998;1
57900;SUBMISSION;;RAINFOREST_RESIN;SEASHELLS;9998;2
57900;SUBMISSION;;RAINFOREST_RESIN;SEASHELLS;10000;4
57900;SUBMISSION;;KELP;SEASHELLS;2018;6
57900;SUBMISSION;;KELP;SEASHELLS;2018;12
57900;SUBMISSION;;KELP;SEASHELLS;2018;2
58000;SUBMISSION;;RAINFOREST_RESIN;SEASHELLS;9998;4
58000;;SUBMISSION;KELP;SEASHELLS;2020;1
58000;;SUBMISSION;KELP;SEASHELLS;2020;11
58100;;SUBMISSION;RAINFOREST_RESIN;SEASHELLS;10004;3
58400;SUBMISSION;;KELP;SEASHELLS;2017;12
58600;;SUBMISSION;RAINFOREST_RESIN;SEASHELLS;10002;1
58800;SUBMISSION;;RAINFOREST_RESIN;SEASHELLS;9996;12
59100;;SUBMISSION;RAINFOREST_RESIN;SEASHELLS;10004;1
59100;;SUBMISSION;KELP;SEASHELLS;2018;1
59300;SUBMISSION;;KELP;SEASHELLS;2017;1
59500;;SUBMISSION;RAINFOREST_RESIN;SEASHELLS;10002;5
60000;;SUBMISSION;RAINFOREST_RESIN;SEASHELLS;10004;1
60000;;SUBMISSION;KELP;SEASHELLS;2018;1
60200;SUBMISSION;;RAINFOREST_RESIN;SEASHELLS;9996;8
60200;;SUBMISSION;KELP;SEASHELLS;2016;3
60400;SUBMISSION;;RAINFOREST_RESIN;SEASHELLS;9998;1
60800;;SUBMISSION;RAINFOREST_RESIN;SEASHELLS;10002;10
60900;SUBMISSION;;KELP;SEASHELLS;2015;3
61200;SUBMISSION;;RAINFOREST_RESIN;SEASHELLS;10000;2
61700;SUBMISSION;;KELP;SEASHELLS;2015;1
61900;SUBMISSION;;RAINFOREST_RESIN;SEASHELLS;9998;1
61900;;SUBMISSION;KELP;SEASHELLS;2016;2
62000;;SUBMISSION;KELP;SEASHELLS;2016;1
62000;;SUBMISSION;KELP;SEASHELLS;2016;1
62300;;SUBMISSION;RAINFOREST_RESIN;SEASHELLS;10004;2
62800;SUBMISSION;;KELP;SEASHELLS;2016;1
62900;SUBMISSION;;RAINFOREST_RESIN;SEASHELLS;9998;4
63100;SUBMISSION;;KELP;SEASHELLS;2017;1
63400;;SUBMISSION;KELP;SEASHELLS;2018;3
63600;;SUBMISSION;KELP;SEASHELLS;2018;1
63600;;SUBMISSION;KELP;SEASHELLS;2018;1
63800;SUBMISSION;;KELP;SEASHELLS;2017;1
63900;SUBMISSION;;RAINFOREST_RESIN;SEASHELLS;9996;12
64000;SUBMISSION;;KELP;SEASHELLS;2017;1
64200;SUBMISSION;;RAINFOREST_RESIN;SEASHELLS;9996;1
64200;SUBMISSION;;RAINFOREST_RESIN;SEASHELLS;9996;2
65000;SUBMISSION;;RAINFOREST_RESIN;SEASHELLS;9998;1
65100;SUBMISSION;;RAINFOREST_RESIN;SEASHELLS;9996;2
65100;SUBMISSION;;RAINFOREST_RESIN;SEASHELLS;9996;1
65200;;SUBMISSION;KELP;SEASHELLS;2017;1
65400;SUBMISSION;;RAINFOREST_RESIN;SEASHELLS;10000;3
66100;SUBMISSION;;RAINFOREST_RESIN;SEASHELLS;9998;1
66200;;SUBMISSION;RAINFOREST_RESIN;SEASHELLS;10002;1
66200;;SUBMISSION;RAINFOREST_RESIN;SEASHELLS;10000;5
66300;;SUBMISSION;KELP;SEASHELLS;2018;1
66300;;SUBMISSION;KELP;SEASHELLS;2018;1
66400;SUBMISSION;;RAINFOREST_RESIN;SEASHELLS;9998;3
66900;;SUBMISSION;KELP;SEASHELLS;2017;1
66900;;SUBMISSION;KELP;SEASHELLS;2017;1
67200;SUBMISSION;;KELP;SEASHELLS;2015;1
67300;SUBMISSION;;RAINFOREST_RESIN;SEASHELLS;9998;3
67500;SUBMISSION;;KELP;SEASHELLS;2015;1
67600;;SUBMISSION;KELP;SEASHELLS;2017;12
68000;SUBMISSION;;KELP;SEASHELLS;2015;6
68200;;SUBMISSION;KELP;SEASHELLS;2017;1
68200;;SUBMISSION;KELP;SEASHELLS;2017;1
68300;;SUBMISSION;KELP;SEASHELLS;2017;1
68300;;SUBMISSION;KELP;SEASHELLS;2017;1
68600;SUBMISSION;;KELP;SEASHELLS;2015;1
68800;SUBMISSION;;RAINFOREST_RESIN;SEASHELLS;9998;1
68900;;SUBMISSION;KELP;SEASHELLS;2017;1
68900;;SUBMISSION;KELP;SEASHELLS;2017;1
69100;SUBMISSION;;KELP;SEASHELLS;2015;8
69100;SUBMISSION;;KELP;SEASHELLS;2015;1
69100;;SUBMISSION;KELP;SEASHELLS;2017;1
69200;;SUBMISSION;KELP;SEASHELLS;2017;3
69200;;SUBMISSION;KELP;SEASHELLS;2017;2
69200;;SUBMISSION;KELP;SEASHELLS;2017;1
69300;SUBMISSION;;RAINFOREST_RESIN;SEASHELLS;9998;1
69300;;SUBMISSION;KELP;SEASHELLS;2017;1
69300;;SUBMISSION;KELP;SEASHELLS;2017;1
69400;;SUBMISSION;RAINFOREST_RESIN;SEASHELLS;10002;1
69600;SUBMISSION;;KELP;SEASHELLS;2015;1
69700;;SUBMISSION;RAINFOREST_RESIN;SEASHELLS;10002;1
69700;SUBMISSION;;KELP;SEASHELLS;2015;2
70100;SUBMISSION;;KELP;SEASHELLS;2016;1
70300;SUBMISSION;;RAINFOREST_RESIN;SEASHELLS;9998;2
70500;SUBMISSION;;RAINFOREST_RESIN;SEASHELLS;10000;3
70600;SUBMISSION;;RAINFOREST_RESIN;SEASHELLS;9996;1
70600;SUBMISSION;;KELP;SEASHELLS;2015;2
70800;;SUBMISSION;RAINFOREST_RESIN;SEASHELLS;10002;1
70800;SUBMISSION;;KELP;SEASHELLS;2015;1
71200;;SUBMISSION;RAINFOREST_RESIN;SEASHELLS;10002;1
71200;SUBMISSION;;KELP;SEASHELLS;2015;1
71500;;SUBMISSION;RAINFOREST_RESIN;SEASHELLS;10002;1
71500;SUBMISSION;;KELP;SEASHELLS;2015;3
71600;SUBMISSION;;RAINFOREST_RESIN;SEASHELLS;9998;3
71700;SUBMISSION;;KELP;SEASHELLS;2015;8
71800;;SUBMISSION;RAINFOREST_RESIN;SEASHELLS;10002;1
71900;;SUBMISSION;RAINFOREST_RESIN;SEASHELLS;10002;1
72000;;SUBMISSION;KELP;SEASHELLS;2017;1
72200;;SUBMISSION;KELP;SEASHELLS;2016;3
72400;;SUBMISSION;RAINFOREST_RESIN;SEASHELLS;10002;1
72500;;SUBMISSION;RAINFOREST_RESIN;SEASHELLS;10004;1
72500;;SUBMISSION;KELP;SEASHELLS;2016;1
72600;SUBMISSION;;KELP;SEASHELLS;2015;4
72600;SUBMISSION;;KELP;SEASHELLS;2015;1
73400;SUBMISSION;;RAINFOREST_RESIN;SEASHELLS;9998;1
74000;;SUBMISSION;RAINFOREST_RESIN;SEASHELLS;10002;1
74100;;SUBMISSION;RAINFOREST_RESIN;SEASHELLS;10000;6
74100;;SUBMISSION;KELP;SEASHELLS;2016;6
74300;SUBMISSION;;KELP;SEASHELLS;2015;1
74500;;SUBMISSION;RAINFOREST_RESIN;SEASHELLS;10000;3
74500;;SUBMISSION;KELP;SEASHELLS;2016;3
74600;;SUBMISSION;RAINFOREST_RESIN;SEASHELLS;10002;1
74900;;SUBMISSION;RAINFOREST_RESIN;SEASHELLS;10002;1
75000;SUBMISSION;;RAINFOREST_RESIN;SEASHELLS;9998;1
75000;SUBMISSION;;RAINFOREST_RESIN;SEASHELLS;9996;9
75000;;SUBMISSION;KELP;SEASHELLS;2016;1
75000;;SUBMISSION;KELP;SEASHELLS;2016;1
75200;;SUBMISSION;KELP;SEASHELLS;2016;3
75500;SUBMISSION;;RAINFOREST_RESIN;SEASHELLS;9996;2
75500;SUBMISSION;;KELP;SEASHELLS;2015;2
75600;;SUBMISSION;RAINFOREST_RESIN;SEASHELLS;10002;1
75900;SUBMISSION;;KELP;SEASHELLS;2015;6
76100;SUBMISSION;;RAINFOREST_RESIN;SEASHELLS;9998;1
76200;SUBMISSION;;KELP;SEASHELLS;2015;5
77000;;SUBMISSION;KELP;SEASHELLS;2016;2
77100;;SUBMISSION;RAINFOREST_RESIN;SEASHELLS;10000;3
77100;;SUBMISSION;KELP;SEASHELLS;2015;2
77100;;SUBMISSION;KELP;SEASHELLS;2014;3
77200;SUBMISSION;;KELP;SEASHELLS;2013;7
77900;;SUBMISSION;RAINFOREST_RESIN;SEASHELLS;10002;3
78000;SUBMISSION;;RAINFOREST_RESIN;SEASHELLS;9998;11
78100;;SUBMISSION;RAINFOREST_RESIN;SEASHELLS;10002;1
78500;;SUBMISSION;RAINFOREST_RESIN;SEASHELLS;10004;1
78500;;SUBMISSION;RAINFOREST_RESIN;SEASHELLS;10004;10
78700;SUBMISSION;;RAINFOREST_RESIN;SEASHELLS;9998;1
78800;;SUBMISSION;RAINFOREST_RESIN;SEASHELLS;10002;1
78900;;SUBMISSION;RAINFOREST_RESIN;SEASHELLS;10002;1
78900;;SUBMISSION;KELP;SEASHELLS;2015;1
79100;SUBMISSION;;KELP;SEASHELLS;2013;1
79200;SUBMISSION;;RAINFOREST_RESIN;SEASHELLS;9998;3
79800;;SUBMISSION;RAINFOREST_RESIN;SEASHELLS;10002;1
80100;;SUBMISSION;KELP;SEASHELLS;2014;4
80500;SUBMISSION;;RAINFOREST_RESIN;SEASHELLS;10000;6
80600;;SUBMISSION;KELP;SEASHELLS;2014;4
80800;;SUBMISSION;KELP;SEASHELLS;2015;1
80900;SUBMISSION;;KELP;SEASHELLS;2013;1
81100;;SUBMISSION;KELP;SEASHELLS;2015;1
81100;;SUBMISSION;KELP;SEASHELLS;2015;1
81200;;SUBMISSION;KELP;SEASHELLS;2015;1
81400;;SUBMISSION;RAINFOREST_RESIN;SEASHELLS;10004;1
81800;;SUBMISSION;RAINFOREST_RESIN;SEASHELLS;10002;1
81900;SUBMISSION;;RAINFOREST_RESIN;SEASHELLS;9998;1
82200;;SUBMISSION;RAINFOREST_RESIN;SEASHELLS;10002;1
82600;SUBMISSION;;KELP;SEASHELLS;2016;3
82600;SUBMISSION;;KELP;SEASHELLS;2016;6
82600;SUBMISSION;;KELP;SEASHELLS;2016;1
82600;SUBMISSION;;KELP;SEASHELLS;2016;1
82800;;SUBMISSION;KELP;SEASHELLS;2017;1
82900;SUBMISSION;;RAINFOREST_RESIN;SEASHELLS;9998;1
83100;SUBMISSION;;RAINFOREST_RESIN;SEASHELLS;9998;1
83100;SUBMISSION;;KELP;SEASHELLS;2016;1
84000;SUBMISSION;;RAINFOREST_RESIN;SEASHELLS;9998;1
84000;;SUBMISSION;KELP;SEASHELLS;2018;1
84100;SUBMISSION;;RAINFOREST_RESIN;SEASHELLS;9996;1
84100;SUBMISSION;;RAINFOREST_RESIN;SEASHELLS;9996;8
84200;SUBMISSION;;RAINFOREST_RESIN;SEASHELLS;9996;2
84200;SUBMISSION;;RAINFOREST_RESIN;SEASHELLS;9996;1
84200;SUBMISSION;;KELP;SEASHELLS;2017;1
84300;;SUBMISSION;RAINFOREST_RESIN;SEASHELLS;10004;2
84600;SUBMISSION;;RAINFOREST_RESIN;SEASHELLS;9998;1
84600;;SUBMISSION;KELP;SEASHELLS;2017;1
85000;SUBMISSION;;RAINFOREST_RESIN;SEASHELLS;9998;1
85100;SUBMISSION;;KELP;SEASHELLS;2015;1
85100;;SUBMISSION;KELP;SEASHELLS;2017;14
85600;;SUBMISSION;KELP;SEASHELLS;2017;4
85700;;SUBMISSION;RAINFOREST_RESIN;SEASHELLS;10002;3
85800;SUBMISSION;;KELP;SEASHELLS;2015;1
85900;SUBMISSION;;RAINFOREST_RESIN;SEASHELLS;9998;1
86000;;SUBMISSION;RAINFOREST_RESIN;SEASHELLS;10000;5
86000;;SUBMISSION;KELP;SEASHELLS;2016;5
86100;;SUBMISSION;RAINFOREST_RESIN;SEASHELLS;10002;1
86200;SUBMISSION;;KELP;SEASHELLS;2015;3
86700;;SUBMISSION;RAINFOREST_RESIN;SEASHELLS;10000;1
86700;SUBMISSION;;KELP;SEASHELLS;2015;1
86700;;SUBMISSION;KELP;SEASHELLS;2016;1
86800;;SUBMISSION;RAINFOREST_RESIN;SEASHELLS;10002;5
86900;;SUBMISSION;KELP;SEASHELLS;2017;2
87200;SUBMISSION;;RAINFOREST_RESIN;SEASHELLS;9996;1
87400;SUBMISSION;;KELP;SEASHELLS;2015;1
87700;SUBMISSION;;KELP;SEASHELLS;2013;1
87900;;SUBMISSION;RAINFOREST_RESIN;SEASHELLS;10004;1
87900;;SUBMISSION;KELP;SEASHELLS;2016;1
88000;SUBMISSION;;RAINFOREST_RESIN;SEASHELLS;9996;2
88000;SUBMISSION;;KELP;SEASHELLS;2014;2
88100;SUBMISSION;;RAINFOREST_RESIN;SEASHELLS;9998;1
88100;;SUBMISSION;KELP;SEASHELLS;2016;8
88200;;SUBMISSION;RAINFOREST_RESIN;SEASHELLS;10002;5
88300;SUBMISSION;;KELP;SEASHELLS;2015;1
88400;SUBMISSION;;KELP;SEASHELLS;2016;8
88500;;SUBMISSION;RAINFOREST_RESIN;SEASHELLS;10002;9
88500;;SUBMISSION;KELP;SEASHELLS;2016;1
88600;SUBMISSION;;RAINFOREST_RESIN;SEASHELLS;10000;5
88600;SUBMISSION;;KELP;SEASHELLS;2014;2
88600;SUBMISSION;;KELP;SEASHELLS;2014;4
88800;SUBMISSION;;KELP;SEASHELLS;2014;2
88800;SUBMISSION;;KELP;SEASHELLS;2014;4
88900;SUBMISSION;;KELP;SEASHELLS;2014;1
89100;SUBMISSION;;KELP;SEASHELLS;2015;1
89600;SUBMISSION;;RAINFOREST_RESIN;SEASHELLS;9996;1
89800;SUBMISSION;;KELP;SEASHELLS;2015;1
89900;SUBMISSION;;KELP;SEASHELLS;2015;2
90700;;SUBMISSION;RAINFOREST_RESIN;SEASHELLS;10002;1
90900;;SUBMISSION;KELP;SEASHELLS;2017;1
90900;;SUBMISSION;KELP;SEASHELLS;2017;1
91000;;SUBMISSION;KELP;SEASHELLS;2017;1
91000;;SUBMISSION;KELP;SEASHELLS;2017;1
91100;SUBMISSION;;RAINFOREST_RESIN;SEASHELLS;9996;1
91100;SUBMISSION;;KELP;SEASHELLS;2015;1
91200;SUBMISSION;;RAINFOREST_RESIN;SEASHELLS;9996;1
91200;SUBMISSION;;KELP;SEASHELLS;2015;1
91500;SUBMISSION;;KELP;SEASHELLS;2015;3
91600;;SUBMISSION;RAINFOREST_RESIN;SEASHELLS;10000;2
91600;;SUBMISSION;KELP;SEASHELLS;2016;2
91700;SUBMISSION;;RAINFOREST_RESIN;SEASHELLS;9998;1
91700;;SUBMISSION;KELP;SEASHELLS;2017;5
91800;;SUBMISSION;KELP;SEASHELLS;2017;1
91900;;SUBMISSION;RAINFOREST_RESIN;SEASHELLS;10000;3
92100;SUBMISSION;;RAINFOREST_RESIN;SEASHELLS;9998;1
92200;SUBMISSION;;RAINFOREST_RESIN;SEASHELLS;9996;1
92200;SUBMISSION;;RAINFOREST_RESIN;SEASHELLS;9996;1
92200;SUBMISSION;;KELP;SEASHELLS;2015;8
92300;SUBMISSION;;RAINFOREST_RESIN;SEASHELLS;9998;1
92300;;SUBMISSION;KELP;SEASHELLS;2017;12
92600;;SUBMISSION;KELP;SEASHELLS;2017;1
92700;;SUBMISSION;RAINFOREST_RESIN;SEASHELLS;10002;1
92700;SUBMISSION;;KELP;SEASHELLS;2016;1
92700;SUBMISSION;;KELP;SEASHELLS;2016;1
92900;SUBMISSION;;KELP;SEASHELLS;2016;1
93100;;SUBMISSION;KELP;SEASHELLS;2018;3
93200;SUBMISSION;;RAINFOREST_RESIN;SEASHELLS;9998;1
93200;;SUBMISSION;KELP;SEASHELLS;2019;1
93300;;SUBMISSION;KELP;SEASHELLS;2019;1
93300;;SUBMISSION;KELP;SEASHELLS;2019;1
93400;SUBMISSION;;RAINFOREST_RESIN;SEASHELLS;9998;3
93500;;SUBMISSION;RAINFOREST_RESIN;SEASHELLS;10000;2
93600;;SUBMISSION;RAINFOREST_RESIN;SEASHELLS;10004;1
93600;;SUBMISSION;KELP;SEASHELLS;2022;1
93700;;SUBMISSION;RAINFOREST_RESIN;SEASHELLS;10002;1
93800;SUBMISSION;;RAINFOREST_RESIN;SEASHELLS;9998;1
94000;;SUBMISSION;RAINFOREST_RESIN;SEASHELLS;10002;4
94300;;SUBMISSION;RAINFOREST_RESIN;SEASHELLS;10002;1
94400;;SUBMISSION;RAINFOREST_RESIN;SEASHELLS;10004;1
94400;;SUBMISSION;KELP;SEASHELLS;2022;1
94700;;SUBMISSION;RAINFOREST_RESIN;SEASHELLS;10002;1
94900;SUBMISSION;;RAINFOREST_RESIN;SEASHELLS;9998;1
94900;;SUBMISSION;KELP;SEASHELLS;2022;6
95000;;SUBMISSION;RAINFOREST_RESIN;SEASHELLS;10004;1
95000;;SUBMISSION;RAINFOREST_RESIN;SEASHELLS;10004;1
95000;;SUBMISSION;KELP;SEASHELLS;2021;1
95000;;SUBMISSION;KELP;SEASHELLS;2022;1
95600;SUBMISSION;;KELP;SEASHELLS;2019;1
95700;;SUBMISSION;RAINFOREST_RESIN;SEASHELLS;10002;1
95700;SUBMISSION;;KELP;SEASHELLS;2020;6
95800;;SUBMISSION;RAINFOREST_RESIN;SEASHELLS;10004;7
96000;SUBMISSION;;RAINFOREST_RESIN;SEASHELLS;9996;1
96000;SUBMISSION;;KELP;SEASHELLS;2017;2
96200;SUBMISSION;;RAINFOREST_RESIN;SEASHELLS;9998;5
96300;SUBMISSION;;KELP;SEASHELLS;2017;1
96800;;SUBMISSION;RAINFOREST_RESIN;SEASHELLS;10002;3
96900;SUBMISSION;;KELP;SEASHELLS;2019;14
97100;SUBMISSION;;RAINFOREST_RESIN;SEASHELLS;9996;1
97100;SUBMISSION;;KELP;SEASHELLS;2019;1
97200;SUBMISSION;;RAINFOREST_RESIN;SEASHELLS;10000;3
97200;SUBMISSION;;KELP;SEASHELLS;2019;1
97700;;SUBMISSION;KELP;SEASHELLS;2021;1
97900;SUBMISSION;;KELP;SEASHELLS;2019;1
98100;SUBMISSION;;RAINFOREST_RESIN;SEASHELLS;9998;1
98300;;SUBMISSION;KELP;SEASHELLS;2020;2
98400;;SUBMISSION;KELP;SEASHELLS;2020;7
98800;;SUBMISSION;RAINFOREST_RESIN;SEASHELLS;10002;1
98800;;SUBMISSION;KELP;SEASHELLS;2020;1
98800;;SUBMISSION;KELP;SEASHELLS;2020;1
99000;SUBMISSION;;KELP;SEASHELLS;2019;1
99300;;SUBMISSION;KELP;SEASHELLS;2020;1
99400;;SUBMISSION;RAINFOREST_RESIN;SEASHELLS;10004;2
99400;;SUBMISSION;KELP;SEASHELLS;2021;2
99600;;SUBMISSION;RAINFOREST_RESIN;SEASHELLS;10002;1
99900;;SUBMISSION;RAINFOREST_RESIN;SEASHELLS;10002;1
99900;SUBMISSION;;KELP;SEASHELLS;2019;1
100000;;SUBMISSION;RAINFOREST_RESIN;SEASHELLS;10004;1
100000;;SUBMISSION;KELP;SEASHELLS;2020;1
100100;;SUBMISSION;RAINFOREST_RESIN;SEASHELLS;10002;1
100500;SUBMISSION;;RAINFOREST_RESIN;SEASHELLS;9996;8
100700;;SUBMISSION;RAINFOREST_RESIN;SEASHELLS;10002;1
100900;SUBMISSION;;KELP;SEASHELLS;2019;8
101200;;SUBMISSION;RAINFOREST_RESIN;SEASHELLS;10004;2
101200;SUBMISSION;;KELP;SEASHELLS;2019;1
101200;;SUBMISSION;KELP;SEASHELLS;2021;15
101200;;SUBMISSION;KELP;SEASHELLS;2021;2
101300;SUBMISSION;;RAINFOREST_RESIN;SEASHELLS;9998;2
101500;;SUBMISSION;RAINFOREST_RESIN;SEASHELLS;10000;3
101500;;SUBMISSION;RAINFOREST_RESIN;SEASHELLS;10004;2
101500;;SUBMISSION;KELP;SEASHELLS;2020;5
101600;SUBMISSION;;KELP;SEASHELLS;2020;5
101600;SUBMISSION;;KELP;SEASHELLS;2020;1
102000;;SUBMISSION;RAINFOREST_RESIN;SEASHELLS;10002;1
102200;;SUBMISSION;KELP;SEASHELLS;2021;1
102200;;SUBMISSION;KELP;SEASHELLS;2021;2
102300;;SUBMISSION;KELP;SEASHELLS;2020;4
102600;SUBMISSION;;KELP;SEASHELLS;2019;2
102700;;SUBMISSION;RAINFOREST_RESIN;SEASHELLS;10004;6
102900;;SUBMISSION;KELP;SEASHELLS;2020;4
103000;SUBMISSION;;KELP;SEASHELLS;2020;4
103100;;SUBMISSION;KELP;SEASHELLS;2020;1
103400;SUBMISSION;;RAINFOREST_RESIN;SEASHELLS;10000;4
103400;SUBMISSION;;KELP;SEASHELLS;2019;1
103400;SUBMISSION;;KELP;SEASHELLS;2019;2
103400;SUBMISSION;;KELP;SEASHELLS;2020;3
103400;SUBMISSION;;KELP;SEASHELLS;2019;4
104000;;SUBMISSION;KELP;SEASHELLS;2020;1
104300;SUBMISSION;;KELP;SEASHELLS;2019;1
104700;;SUBMISSION;RAINFOREST_RESIN;SEASHELLS;10002;1
104900;;SUBMISSION;RAINFOREST_RESIN;SEASHELLS;10004;1
104900;;SUBMISSION;KELP;SEASHELLS;2021;1
105200;SUBMISSION;;KELP;SEASHELLS;2019;1
105200;;SUBMISSION;KELP;SEASHELLS;2020;7
105300;;SUBMISSION;KELP;SEASHELLS;2020;1
105400;;SUBMISSION;RAINFOREST_RESIN;SEASHELLS;10002;1
105600;;SUBMISSION;KELP;SEASHELLS;2020;1
105700;;SUBMISSION;KELP;SEASHELLS;2020;1
105700;;SUBMISSION;KELP;SEASHELLS;2020;1
105800;;SUBMISSION;RAINFOREST_RESIN;SEASHELLS;10002;3
105800;;SUBMISSION;KELP;SEASHELLS;2020;7
106000;SUBMISSION;;KELP;SEASHELLS;2019;4
106100;SUBMISSION;;RAINFOREST_RESIN;SEASHELLS;9996;2
106100;SUBMISSION;;RAINFOREST_RESIN;SEASHELLS;9996;5
106100;SUBMISSION;;KELP;SEASHELLS;2020;7
106300;SUBMISSION;;RAINFOREST_RESIN;SEASHELLS;9998;2
106300;SUBMISSION;;RAINFOREST_RESIN;SEASHELLS;9998;4
106300;SUBMISSION;;KELP;SEASHELLS;2019;4
106300;SUBMISSION;;KELP;SEASHELLS;2019;8
106300;SUBMISSION;;KELP;SEASHELLS;2019;1
106300;SUBMISSION;;KELP;SEASHELLS;2019;4
106300;SUBMISSION;;KELP;SEASHELLS;2019;4
106400;SUBMISSION;;RAINFOREST_RESIN;SEASHELLS;10000;6
106400;SUBMISSION;;KELP;SEASHELLS;2019;2
106600;SUBMISSION;;RAINFOREST_RESIN;SEASHELLS;9998;4
106700;SUBMISSION;;RAINFOREST_RESIN;SEASHELLS;9998;1
106800;;SUBMISSION;RAINFOREST_RESIN;SEASHELLS;10002;1
107100;SUBMISSION;;RAINFOREST_RESIN;SEASHELLS;9998;1
107400;SUBMISSION;;RAINFOREST_RESIN;SEASHELLS;9996;1
107600;;SUBMISSION;KELP;SEASHELLS;2020;1
108000;SUBMISSION;;RAINFOREST_RESIN;SEASHELLS;9998;11
108100;SUBMISSION;;RAINFOREST_RESIN;SEASHELLS;9998;1
108400;;SUBMISSION;KELP;SEASHELLS;2019;1
108500;SUBMISSION;;KELP;SEASHELLS;2017;1
108600;SUBMISSION;;RAINFOREST_RESIN;SEASHELLS;9998;4
109100;SUBMISSION;;KELP;SEASHELLS;2018;1
109300;;SUBMISSION;KELP;SEASHELLS;2019;11
109600;SUBMISSION;;RAINFOREST_RESIN;SEASHELLS;9998;1
109700;SUBMISSION;;KELP;SEASHELLS;2019;1
109800;;SUBMISSION;RAINFOREST_RESIN;SEASHELLS;10002;1
109900;;SUBMISSION;RAINFOREST_RESIN;SEASHELLS;10002;1
110000;SUBMISSION;;RAINFOREST_RESIN;SEASHELLS;9996;1
110100;SUBMISSION;;KELP;SEASHELLS;2019;1
110400;;SUBMISSION;RAINFOREST_RESIN;SEASHELLS;10004;10
110400;SUBMISSION;;KELP;SEASHELLS;2019;7
110600;;SUBMISSION;RAINFOREST_RESIN;SEASHELLS;10002;8
110600;;SUBMISSION;KELP;SEASHELLS;2020;1
110700;;SUBMISSION;KELP;SEASHELLS;2020;3
111000;SUBMISSION;;RAINFOREST_RESIN;SEASHELLS;9998;1
111000;;SUBMISSION;KELP;SEASHELLS;2021;1
111000;;SUBMISSION;KELP;SEASHELLS;2021;1
111100;SUBMISSION;;RAINFOREST_RESIN;SEASHELLS;9998;4
111100;;SUBMISSION;KELP;SEASHELLS;2021;15
111300;SUBMISSION;;RAINFOREST_RESIN;SEASHELLS;9998;3
111300;SUBMISSION;;KELP;SEASHELLS;2019;1
111500;;SUBMISSION;KELP;SEASHELLS;2021;1
111700;SUBMISSION;;KELP;SEASHELLS;2019;1
112100;SUBMISSION;;RAINFOREST_RESIN;SEASHELLS;9998;5
112200;;SUBMISSION;KELP;SEASHELLS;2020;1
113000;;SUBMISSION;RAINFOREST_RESIN;SEASHELLS;10002;4
113300;SUBMISSION;;KELP;SEASHELLS;2019;5
113700;SUBMISSION;;KELP;SEASHELLS;2018;1
113700;SUBMISSION;;KELP;SEASHELLS;2018;6
113700;SUBMISSION;;KELP;SEASHELLS;2018;6
113800;;SUBMISSION;RAINFOREST_RESIN;SEASHELLS;10002;1
113800;SUBMISSION;;KELP;SEASHELLS;2018;2
113800;;SUBMISSION;KELP;SEASHELLS;2020;13
114000;SUBMISSION;;RAINFOREST_RESIN;SEASHELLS;9998;11
114100;;SUBMISSION;KELP;SEASHELLS;2020;1
114100;;SUBMISSION;KELP;SEASHELLS;2020;1
114600;;SUBMISSION;RAINFOREST_RESIN;SEASHELLS;10002;1
114800;;SUBMISSION;KELP;SEASHELLS;2020;15
115100;;SUBMISSION;KELP;SEASHELLS;2020;1
115300;SUBMISSION;;RAINFOREST_RESIN;SEASHELLS;9998;1
115700;;SUBMISSION;KELP;SEASHELLS;2020;1
115700;;SUBMISSION;KELP;SEASHELLS;2020;1
116000;SUBMISSION;;KELP;SEASHELLS;2019;1
116000;;SUBMISSION;KELP;SEASHELLS;2020;10
116200;SUBMISSION;;RAINFOREST_RESIN;SEASHELLS;9996;1
116200;SUBMISSION;;KELP;SEASHELLS;2020;3
116200;SUBMISSION;;KELP;SEASHELLS;2019;1
116700;;SUBMISSION;RAINFOREST_RESIN;SEASHELLS;10002;1
116800;;SUBMISSION;RAINFOREST_RESIN;SEASHELLS;10002;3
116900;SUBMISSION;;RAINFOREST_RESIN;SEASHELLS;9996;1
116900;SUBMISSION;;RAINFOREST_RESIN;SEASHELLS;9996;7
116900;SUBMISSION;;KELP;SEASHELLS;2019;2
117300;SUBMISSION;;KELP;SEASHELLS;2019;2
117500;SUBMISSION;;KELP;SEASHELLS;2020;1
117500;SUBMISSION;;KELP;SEASHELLS;2019;2
117700;SUBMISSION;;KELP;SEASHELLS;2018;1
117900;SUBMISSION;;KELP;SEASHELLS;2018;4
117900;SUBMISSION;;KELP;SEASHELLS;2018;8
118300;SUBMISSION;;KELP;SEASHELLS;2018;1
118500;SUBMISSION;;KELP;SEASHELLS;2018;1
118500;SUBMISSION;;KELP;SEASHELLS;2018;2
118700;SUBMISSION;;KELP;SEASHELLS;2017;10
119100;;SUBMISSION;KELP;SEASHELLS;2019;2
119100;;SUBMISSION;KELP;SEASHELLS;2019;2
119300;SUBMISSION;;RAINFOREST_RESIN;SEASHELLS;9998;1
119600;SUBMISSION;;KELP;SEASHELLS;2017;1
119800;;SUBMISSION;RAINFOREST_RESIN;SEASHELLS;10000;4
119800;;SUBMISSION;KELP;SEASHELLS;2018;4
119900;;SUBMISSION;RAINFOREST_RESIN;SEASHELLS;10002;1
119900;SUBMISSION;;KELP;SEASHELLS;2017;1
120000;;SUBMISSION;RAINFOREST_RESIN;SEASHELLS;10002;1
120200;;SUBMISSION;RAINFOREST_RESIN;SEASHELLS;10002;1
120300;SUBMISSION;;RAINFOREST_RESIN;SEASHELLS;9996;2
120400;SUBMISSION;;KELP;SEASHELLS;2015;2
120500;SUBMISSION;;KELP;SEASHELLS;2015;3
120500;SUBMISSION;;KELP;SEASHELLS;2015;6
120600;SUBMISSION;;KELP;SEASHELLS;2015;1
121100;SUBMISSION;;KELP;SEASHELLS;2013;1
121400;;SUBMISSION;RAINFOREST_RESIN;SEASHELLS;10002;5
121500;;SUBMISSION;KELP;SEASHELLS;2015;1
121900;;SUBMISSION;KELP;SEASHELLS;2015;1
121900;;SUBMISSION;KELP;SEASHELLS;2015;1
122300;SUBMISSION;;KELP;SEASHELLS;2013;3
122600;;SUBMISSION;KELP;SEASHELLS;2013;1
122600;;SUBMISSION;KELP;SEASHELLS;2013;1
122800;;SUBMISSION;KELP;SEASHELLS;2013;6
122900;;SUBMISSION;KELP;SEASHELLS;2013;1
122900;;SUBMISSION;KELP;SEASHELLS;2013;1
123000;SUBMISSION;;KELP;SEASHELLS;2011;1
123200;SUBMISSION;;KELP;SEASHELLS;2013;4
123200;;SUBMISSION;KELP;SEASHELLS;2014;1
123500;;SUBMISSION;KELP;SEASHELLS;2012;15
123600;SUBMISSION;;KELP;SEASHELLS;2011;7
123700;;SUBMISSION;RAINFOREST_RESIN;SEASHELLS;10002;6
123800;SUBMISSION;;RAINFOREST_RESIN;SEASHELLS;9998;1
123800;;SUBMISSION;KELP;SEASHELLS;2013;1
123800;;SUBMISSION;KELP;SEASHELLS;2013;1
124000;;SUBMISSION;RAINFOREST_RESIN;SEASHELLS;10004;2
124000;;SUBMISSION;KELP;SEASHELLS;2013;1
124000;;SUBMISSION;KELP;SEASHELLS;2013;2
124100;SUBMISSION;;KELP;SEASHELLS;2012;3
124100;SUBMISSION;;KELP;SEASHELLS;2012;6
124500;SUBMISSION;;RAINFOREST_RESIN;SEASHELLS;9998;5
124600;;SUBMISSION;KELP;SEASHELLS;2013;1
124600;;SUBMISSION;KELP;SEASHELLS;2013;1
124700;SUBMISSION;;RAINFOREST_RESIN;SEASHELLS;9998;1
125200;;SUBMISSION;RAINFOREST_RESIN;SEASHELLS;10002;4
125300;SUBMISSION;;KELP;SEASHELLS;2013;1
125700;SUBMISSION;;RAINFOREST_RESIN;SEASHELLS;9998;2
125800;SUBMISSION;;RAINFOREST_RESIN;SEASHELLS;9998;1
126100;;SUBMISSION;RAINFOREST_RESIN;SEASHELLS;10002;1
126200;;SUBMISSION;RAINFOREST_RESIN;SEASHELLS;10002;7
126300;SUBMISSION;;RAINFOREST_RESIN;SEASHELLS;9996;2
126400;SUBMISSION;;RAINFOREST_RESIN;SEASHELLS;9996;2
126400;SUBMISSION;;KELP;SEASHELLS;2013;1
126400;SUBMISSION;;KELP;SEASHELLS;2013;2
126700;;SUBMISSION;RAINFOREST_RESIN;SEASHELLS;10002;2
127000;SUBMISSION;;RAINFOREST_RESIN;SEASHELLS;9996;2
127000;SUBMISSION;;KELP;SEASHELLS;2015;2
127400;;SUBMISSION;RAINFOREST_RESIN;SEASHELLS;10004;2
127500;SUBMISSION;;RAINFOREST_RESIN;SEASHELLS;9998;3
127500;SUBMISSION;;KELP;SEASHELLS;2015;1
127900;;SUBMISSION;RAINFOREST_RESIN;SEASHELLS;10004;2
127900;;SUBMISSION;RAINFOREST_RESIN;SEASHELLS;10004;7
128000;;SUBMISSION;KELP;SEASHELLS;2016;1
128200;;SUBMISSION;RAINFOREST_RESIN;SEASHELLS;10002;1
128300;;SUBMISSION;KELP;SEASHELLS;2015;1
128400;SUBMISSION;;RAINFOREST_RESIN;SEASHELLS;9996;1
128400;SUBMISSION;;KELP;SEASHELLS;2013;1
128700;;SUBMISSION;RAINFOREST_RESIN;SEASHELLS;10004;6
128900;;SUBMISSION;RAINFOREST_RESIN;SEASHELLS;10002;2
128900;;SUBMISSION;KELP;SEASHELLS;2015;1
128900;;SUBMISSION;KELP;SEASHELLS;2014;4
128900;;SUBMISSION;KELP;SEASHELLS;2015;1
129600;SUBMISSION;;KELP;SEASHELLS;2015;1
129700;SUBMISSION;;RAINFOREST_RESIN;SEASHELLS;10000;3
129700;SUBMISSION;;KELP;SEASHELLS;2015;3
129700;SUBMISSION;;KELP;SEASHELLS;2015;6
129700;SUBMISSION;;KELP;SEASHELLS;2015;2
130100;SUBMISSION;;RAINFOREST_RESIN;SEASHELLS;9998;1
130100;;SUBMISSION;KELP;SEASHELLS;2016;1
130200;SUBMISSION;;KELP;SEASHELLS;2014;1
130300;;SUBMISSION;RAINFOREST_RESIN;SEASHELLS;10002;1
130700;;SUBMISSION;KELP;SEASHELLS;2016;1
130700;;SUBMISSION;KELP;SEASHELLS;2016;1
130900;SUBMISSION;;KELP;SEASHELLS;2014;2
131000;;SUBMISSION;KELP;SEASHELLS;2016;1
131400;SUBMISSION;;RAINFOREST_RESIN;SEASHELLS;9998;1
131400;;SUBMISSION;KELP;SEASHELLS;2015;7
131600;;SUBMISSION;RAINFOREST_RESIN;SEASHELLS;10002;1
131600;;SUBMISSION;KELP;SEASHELLS;2015;1
131800;SUBMISSION;;KELP;SEASHELLS;2015;4
131800;SUBMISSION;;KELP;SEASHELLS;2015;1
131800;SUBMISSION;;KELP;SEASHELLS;2015;4
132300;;SUBMISSION;RAINFOREST_RESIN;SEASHELLS;10002;4
132400;;SUBMISSION;RAINFOREST_RESIN;SEASHELLS;10004;1
132400;;SUBMISSION;KELP;SEASHELLS;2016;1
132500;SUBMISSION;;KELP;SEASHELLS;2013;1
132900;SUBMISSION;;RAINFOREST_RESIN;SEASHELLS;9998;1
133100;;SUBMISSION;RAINFOREST_RESIN;SEASHELLS;10002;5
133100;;SUBMISSION;RAINFOREST_RESIN;SEASHELLS;10004;1
133100;;SUBMISSION;RAINFOREST_RESIN;SEASHELLS;10004;4
133200;SUBMISSION;;RAINFOREST_RESIN;SEASHELLS;9996;1
133500;;SUBMISSION;KELP;SEASHELLS;2014;1
133700;SUBMISSION;;KELP;SEASHELLS;2013;1
134000;SUBMISSION;;RAINFOREST_RESIN;SEASHELLS;10000;3
134000;;SUBMISSION;KELP;SEASHELLS;2015;1
134200;;SUBMISSION;RAINFOREST_RESIN;SEASHELLS;10002;1
134300;;SUBMISSION;RAINFOREST_RESIN;SEASHELLS;10002;1
134600;;SUBMISSION;RAINFOREST_RESIN;SEASHELLS;10000;5
134600;;SUBMISSION;RAINFOREST_RESIN;SEASHELLS;10004;1
134600;;SUBMISSION;RAINFOREST_RESIN;SEASHELLS;10004;1
134600;;SUBMISSION;KELP;SEASHELLS;2014;5
134700;;SUBMISSION;RAINFOREST_RESIN;SEASHELLS;10002;4
134700;;SUBMISSION;RAINFOREST_RESIN;SEASHELLS;10004;1
134700;;SUBMISSION;RAINFOREST_RESIN;SEASHELLS;10004;1
134900;SUBMISSION;;RAINFOREST_RESIN;SEASHELLS;9998;1
135100;;SUBMISSION;KELP;SEASHELLS;2015;8
135600;;SUBMISSION;RAINFOREST_RESIN;SEASHELLS;10002;1
135800;SUBMISSION;;RAINFOREST_RESIN;SEASHELLS;10000;3
135900;;SUBMISSION;RAINFOREST_RESIN;SEASHELLS;10004;2
135900;;SUBMISSION;KELP;SEASHELLS;2016;2
136000;SUBMISSION;;RAINFOREST_RESIN;SEASHELLS;9998;1
136300;;SUBMISSION;RAINFOREST_RESIN;SEASHELLS;10002;1
136500;;SUBMISSION;RAINFOREST_RESIN;SEASHELLS;10004;2
136800;;SUBMISSION;RAINFOREST_RESIN;SEASHELLS;10002;1
137000;SUBMISSION;;RAINFOREST_RESIN;SEASHELLS;9996;1
137500;SUBMISSION;;RAINFOREST_RESIN;SEASHELLS;9998;1
137600;;SUBMISSION;KELP;SEASHELLS;2015;1
137700;SUBMISSION;;RAINFOREST_RESIN;SEASHELLS;9998;8
137700;SUBMISSION;;KELP;SEASHELLS;2014;3
137700;SUBMISSION;;KELP;SEASHELLS;2014;6
137700;SUBMISSION;;KELP;SEASHELLS;2014;3
137900;;SUBMISSION;RAINFOREST_RESIN;SEASHELLS;10004;1
137900;;SUBMISSION;KELP;SEASHELLS;2015;1
138100;SUBMISSION;;RAINFOREST_RESIN;SEASHELLS;9996;2
138100;SUBMISSION;;RAINFOREST_RESIN;SEASHELLS;9996;7
138200;SUBMISSION;;RAINFOREST_RESIN;SEASHELLS;9998;1
138300;SUBMISSION;;RAINFOREST_RESIN;SEASHELLS;9996;7
138400;SUBMISSION;;RAINFOREST_RESIN;SEASHELLS;9998;1
138600;SUBMISSION;;RAINFOREST_RESIN;SEASHELLS;10000;2
138600;SUBMISSION;;KELP;SEASHELLS;2013;1
139000;SUBMISSION;;KELP;SEASHELLS;2014;1
139400;;SUBMISSION;RAINFOREST_RESIN;SEASHELLS;10002;5
139400;;SUBMISSION;RAINFOREST_RESIN;SEASHELLS;10004;1
139400;;SUBMISSION;RAINFOREST_RESIN;SEASHELLS;10004;1
139400;SUBMISSION;;KELP;SEASHELLS;2014;1
139400;;SUBMISSION;KELP;SEASHELLS;2016;2
139600;SUBMISSION;;RAINFOREST_RESIN;SEASHELLS;9998;1
139700;SUBMISSION;;KELP;SEASHELLS;2014;5
139800;;SUBMISSION;KELP;SEASHELLS;2015;1
140100;SUBMISSION;;KELP;SEASHELLS;2013;1
140300;;SUBMISSION;RAINFOREST_RESIN;SEASHELLS;10002;1
140600;SUBMISSION;;RAINFOREST_RESIN;SEASHELLS;10000;3
142000;;SUBMISSION;KELP;SEASHELLS;2015;1
142300;;SUBMISSION;KELP;SEASHELLS;2015;1
142400;;SUBMISSION;RAINFOREST_RESIN;SEASHELLS;10002;3
142500;;SUBMISSION;KELP;SEASHELLS;2015;5
142600;SUBMISSION;;KELP;SEASHELLS;2013;1
142700;;SUBMISSION;RAINFOREST_RESIN;SEASHELLS;10002;5
142800;;SUBMISSION;KELP;SEASHELLS;2015;1
142900;SUBMISSION;;RAINFOREST_RESIN;SEASHELLS;9998;1
143100;SUBMISSION;;KELP;SEASHELLS;2015;1
143600;SUBMISSION;;RAINFOREST_RESIN;SEASHELLS;9996;1
143600;SUBMISSION;;KELP;SEASHELLS;2014;1
143900;;SUBMISSION;RAINFOREST_RESIN;SEASHELLS;10002;1
144000;;SUBMISSION;KELP;SEASHELLS;2016;1
144000;;SUBMISSION;KELP;SEASHELLS;2016;1
144200;;SUBMISSION;KELP;SEASHELLS;2015;1
144600;;SUBMISSION;RAINFOREST_RESIN;SEASHELLS;10002;2
145000;SUBMISSION;;KELP;SEASHELLS;2013;1
145100;SUBMISSION;;KELP;SEASHELLS;2013;7
145200;;SUBMISSION;KELP;SEASHELLS;2015;1
145300;SUBMISSION;;RAINFOREST_RESIN;SEASHELLS;9998;3
145500;;SUBMISSION;RAINFOREST_RESIN;SEASHELLS;10002;1
145500;;SUBMISSION;KELP;SEASHELLS;2015;1
145600;SUBMISSION;;RAINFOREST_RESIN;SEASHELLS;9998;8
145600;SUBMISSION;;KELP;SEASHELLS;2013;1
145600;SUBMISSION;;KELP;SEASHELLS;2013;1
145700;;SUBMISSION;RAINFOREST_RESIN;SEASHELLS;10004;2
145700;;SUBMISSION;RAINFOREST_RESIN;SEASHELLS;10004;8
146500;;SUBMISSION;RAINFOREST_RESIN;SEASHELLS;10004;1
146600;;SUBMISSION;RAINFOREST_RESIN;SEASHELLS;10000;4
146600;;SUBMISSION;KELP;SEASHELLS;2014;4
146900;SUBMISSION;;KELP;SEASHELLS;2013;1
147200;;SUBMISSION;KELP;SEASHELLS;2015;14
147300;;SUBMISSION;RAINFOREST_RESIN;SEASHELLS;10000;3
147300;;SUBMISSION;KELP;SEASHELLS;2014;3
147600;SUBMISSION;;KELP;SEASHELLS;2013;1
147700;;SUBMISSION;RAINFOREST_RESIN;SEASHELLS;10002;1
147800;;SUBMISSION;KELP;SEASHELLS;2014;1
147800;;SUBMISSION;KELP;SEASHELLS;2014;1
148000;;SUBMISSION;KELP;SEASHELLS;2014;9
148200;SUBMISSION;;KELP;SEASHELLS;2014;3
148200;SUBMISSION;;KELP;SEASHELLS;2013;1
148700;;SUBMISSION;RAINFOREST_RESIN;SEASHELLS;10004;2
148700;SUBMISSION;;KELP;SEASHELLS;2014;1
148700;;SUBMISSION;KELP;SEASHELLS;2015;2
149000;;SUBMISSION;RAINFOREST_RESIN;SEASHELLS;10002;5
149000;;SUBMISSION;KELP;SEASHELLS;2014;4
149100;;SUBMISSION;RAINFOREST_RESIN;SEASHELLS;10000;2
149100;;SUBMISSION;KELP;SEASHELLS;2014;2
149200;;SUBMISSION;RAINFOREST_RESIN;SEASHELLS;10002;1
149200;;SUBMISSION;KELP;SEASHELLS;2015;2
149500;;SUBMISSION;KELP;SEASHELLS;2015;1
149500;;SUBMISSION;KELP;SEASHELLS;2015;1
149700;;SUBMISSION;RAINFOREST_RESIN;SEASHELLS;10002;6
149700;;SUBMISSION;KELP;SEASHELLS;2015;5
149800;;SUBMISSION;RAINFOREST_RESIN;SEASHELLS;10002;5
149800;;SUBMISSION;KELP;SEASHELLS;2015;1
149900;SUBMISSION;;KELP;SEASHELLS;2014;5
150000;SUBMISSION;;RAINFOREST_RESIN;SEASHELLS;9996;1
150100;;SUBMISSION;KELP;SEASHELLS;2014;4
150200;SUBMISSION;;RAINFOREST_RESIN;SEASHELLS;9998;1
150400;SUBMISSION;;RAINFOREST_RESIN;SEASHELLS;9998;1
150400;SUBMISSION;;KELP;SEASHELLS;2014;1
150500;;SUBMISSION;RAINFOREST_RESIN;SEASHELLS;10002;1
150600;SUBMISSION;;KELP;SEASHELLS;2014;1
150800;SUBMISSION;;RAINFOREST_RESIN;SEASHELLS;9998;1
151100;;SUBMISSION;KELP;SEASHELLS;2015;1
151300;;SUBMISSION;KELP;SEASHELLS;2015;1
151500;SUBMISSION;;KELP;SEASHELLS;2015;1
151600;;SUBMISSION;RAINFOREST_RESIN;SEASHELLS;10002;3
151600;;SUBMISSION;KELP;SEASHELLS;2016;12
151900;SUBMISSION;;KELP;SEASHELLS;2016;1
152000;SUBMISSION;;RAINFOREST_RESIN;SEASHELLS;9998;11
152200;SUBMISSION;;KELP;SEASHELLS;2015;5
152300;;SUBMISSION;RAINFOREST_RESIN;SEASHELLS;10004;2
152300;;SUBMISSION;KELP;SEASHELLS;2016;9
152300;;SUBMISSION;KELP;SEASHELLS;2016;2
152600;SUBMISSION;;KELP;SEASHELLS;2014;1
152800;SUBMISSION;;KELP;SEASHELLS;2015;4
152900;;SUBMISSION;RAINFOREST_RESIN;SEASHELLS;10000;5
153000;SUBMISSION;;RAINFOREST_RESIN;SEASHELLS;9996;3
153000;;SUBMISSION;KELP;SEASHELLS;2015;1
153300;;SUBMISSION;KELP;SEASHELLS;2016;14
153500;SUBMISSION;;RAINFOREST_RESIN;SEASHELLS;9998;1
153500;;SUBMISSION;KELP;SEASHELLS;2015;2
153500;;SUBMISSION;KELP;SEASHELLS;2016;1
153600;;SUBMISSION;KELP;SEASHELLS;2016;14
154300;SUBMISSION;;RAINFOREST_RESIN;SEASHELLS;9996;1
154300;SUBMISSION;;KELP;SEASHELLS;2016;6
154300;SUBMISSION;;KELP;SEASHELLS;2016;2
154700;;SUBMISSION;KELP;SEASHELLS;2018;11
154800;;SUBMISSION;RAINFOREST_RESIN;SEASHELLS;10002;1
154900;SUBMISSION;;RAINFOREST_RESIN;SEASHELLS;9998;1
154900;SUBMISSION;;KELP;SEASHELLS;2016;15
155100;SUBMISSION;;KELP;SEASHELLS;2016;1
155200;;SUBMISSION;RAINFOREST_RESIN;SEASHELLS;10002;1
155500;SUBMISSION;;RAINFOREST_RESIN;SEASHELLS;9998;1
155500;SUBMISSION;;KELP;SEASHELLS;2016;6
155700;;SUBMISSION;RAINFOREST_RESIN;SEASHELLS;10004;1
155700;SUBMISSION;;KELP;SEASHELLS;2016;2
155800;SUBMISSION;;KELP;SEASHELLS;2016;3
155900;SUBMISSION;;KELP;SEASHELLS;2016;3
156200;SUBMISSION;;KELP;SEASHELLS;2015;7
156300;SUBMISSION;;KELP;SEASHELLS;2015;3
156300;SUBMISSION;;KELP;SEASHELLS;2015;6
156400;;SUBMISSION;RAINFOREST_RESIN;SEASHELLS;10002;1
156600;SUBMISSION;;RAINFOREST_RESIN;SEASHELLS;9996;1
156600;SUBMISSION;;RAINFOREST_RESIN;SEASHELLS;9996;1
156600;SUBMISSION;;KELP;SEASHELLS;2016;1
156600;SUBMISSION;;KELP;SEASHELLS;2016;2
156900;SUBMISSION;;KELP;SEASHELLS;2015;5
156900;SUBMISSION;;KELP;SEASHELLS;2015;10
157000;SUBMISSION;;KELP;SEASHELLS;2015;1
157100;SUBMISSION;;RAINFOREST_RESIN;SEASHELLS;9998;1
157300;SUBMISSION;;RAINFOREST_RESIN;SEASHELLS;10000;4
157300;SUBMISSION;;KELP;SEASHELLS;2015;4
157300;SUBMISSION;;KELP;SEASHELLS;2015;8
157400;;SUBMISSION;RAINFOREST_RESIN;SEASHELLS;10002;1
157500;SUBMISSION;;KELP;SEASHELLS;2015;1
157600;SUBMISSION;;KELP;SEASHELLS;2015;3
157600;SUBMISSION;;KELP;SEASHELLS;2015;6
157700;;SUBMISSION;KELP;SEASHELLS;2016;1
157700;;SUBMISSION;KELP;SEASHELLS;2016;1
158100;SUBMISSION;;KELP;SEASHELLS;2015;1
158200;;SUBMISSION;RAINFOREST_RESIN;SEASHELLS;10002;1
158300;SUBMISSION;;RAINFOREST_RESIN;SEASHELLS;9998;5
158400;SUBMISSION;;RAINFOREST_RESIN;SEASHELLS;9998;5
158400;;SUBMISSION;KELP;SEASHELLS;2016;1
158800;;SUBMISSION;KELP;SEASHELLS;2016;4
158800;;SUBMISSION;KELP;SEASHELLS;2016;1
159200;SUBMISSION;;RAINFOREST_RESIN;SEASHELLS;9996;9
159300;SUBMISSION;;KELP;SEASHELLS;2015;1
159400;;SUBMISSION;RAINFOREST_RESIN;SEASHELLS;10000;6
159400;;SUBMISSION;KELP;SEASHELLS;2016;6
159600;;SUBMISSION;KELP;SEASHELLS;2016;1
159700;SUBMISSION;;RAINFOREST_RESIN;SEASHELLS;9998;4
159900;SUBMISSION;;RAINFOREST_RESIN;SEASHELLS;10000;5
159900;SUBMISSION;;KELP;SEASHELLS;2015;5
159900;SUBMISSION;;KELP;SEASHELLS;2015;9
160000;;SUBMISSION;RAINFOREST_RESIN;SEASHELLS;10004;2
160000;;SUBMISSION;KELP;SEASHELLS;2017;2
160300;SUBMISSION;;RAINFOREST_RESIN;SEASHELLS;9998;1
160400;SUBMISSION;;RAINFOREST_RESIN;SEASHELLS;9998;1
160400;;SUBMISSION;KELP;SEASHELLS;2017;1
160400;;SUBMISSION;KELP;SEASHELLS;2017;1
160500;;SUBMISSION;KELP;SEASHELLS;2017;13
160600;;SUBMISSION;RAINFOREST_RESIN;SEASHELLS;10002;1
160800;;SUBMISSION;RAINFOREST_RESIN;SEASHELLS;10002;2
160900;;SUBMISSION;RAINFOREST_RESIN;SEASHELLS;10000;3
161000;SUBMISSION;;KELP;SEASHELLS;2015;8
161000;SUBMISSION;;KELP;SEASHELLS;2015;9
161600;SUBMISSION;;RAINFOREST_RESIN;SEASHELLS;9998;1
161700;;SUBMISSION;KELP;SEASHELLS;2016;7
162400;SUBMISSION;;RAINFOREST_RESIN;SEASHELLS;10000;5
162400;SUBMISSION;;KELP;SEASHELLS;2016;5
162400;SUBMISSION;;KELP;SEASHELLS;2016;2
162600;SUBMISSION;;RAINFOREST_RESIN;SEASHELLS;10000;5
162600;;SUBMISSION;KELP;SEASHELLS;2018;1
162900;SUBMISSION;;RAINFOREST_RESIN;SEASHELLS;9996;4
163100;SUBMISSION;;RAINFOREST_RESIN;SEASHELLS;9998;4
163200;SUBMISSION;;RAINFOREST_RESIN;SEASHELLS;9998;1
163500;;SUBMISSION;RAINFOREST_RESIN;SEASHELLS;10002;3
163800;SUBMISSION;;RAINFOREST_RESIN;SEASHELLS;9998;1
163800;SUBMISSION;;KELP;SEASHELLS;2015;1
163800;;SUBMISSION;KELP;SEASHELLS;2017;13
163900;SUBMISSION;;RAINFOREST_RESIN;SEASHELLS;9996;1
163900;SUBMISSION;;KELP;SEASHELLS;2015;2
164000;SUBMISSION;;RAINFOREST_RESIN;SEASHELLS;9998;1
164600;SUBMISSION;;RAINFOREST_RESIN;SEASHELLS;9998;1
164600;;SUBMISSION;KELP;SEASHELLS;2018;1
164800;;SUBMISSION;RAINFOREST_RESIN;SEASHELLS;10004;2
164800;;SUBMISSION;RAINFOREST_RESIN;SEASHELLS;10004;6
164900;SUBMISSION;;RAINFOREST_RESIN;SEASHELLS;10000;5
164900;SUBMISSION;;KELP;SEASHELLS;2017;5
164900;SUBMISSION;;KELP;SEASHELLS;2017;7
165000;;SUBMISSION;KELP;SEASHELLS;2018;1
165100;;SUBMISSION;KELP;SEASHELLS;2018;1
165100;;SUBMISSION;KELP;SEASHELLS;2018;1
165200;SUBMISSION;;RAINFOREST_RESIN;SEASHELLS;10000;6
165200;SUBMISSION;;KELP;SEASHELLS;2017;3
165500;;SUBMISSION;RAINFOREST_RESIN;SEASHELLS;10000;4
165600;SUBMISSION;;RAINFOREST_RESIN;SEASHELLS;9998;1
165700;;SUBMISSION;KELP;SEASHELLS;2018;1
165900;SUBMISSION;;RAINFOREST_RESIN;SEASHELLS;9998;1
166000;;SUBMISSION;KELP;SEASHELLS;2019;1
166000;;SUBMISSION;KELP;SEASHELLS;2019;1
166200;SUBMISSION;;RAINFOREST_RESIN;SEASHELLS;9998;1
166200;SUBMISSION;;KELP;SEASHELLS;2017;3
167100;SUBMISSION;;RAINFOREST_RESIN;SEASHELLS;9996;1
167700;SUBMISSION;;RAINFOREST_RESIN;SEASHELLS;9998;4
167800;SUBMISSION;;RAINFOREST_RESIN;SEASHELLS;9998;1
167800;;SUBMISSION;KELP;SEASHELLS;2019;1
167800;;SUBMISSION;KELP;SEASHELLS;2018;1
167900;SUBMISSION;;RAINFOREST_RESIN;SEASHELLS;9998;1
168000;;SUBMISSION;RAINFOREST_RESIN;SEASHELLS;10004;8
168100;SUBMISSION;;RAINFOREST_RESIN;SEASHELLS;9998;1
168500;;SUBMISSION;RAINFOREST_RESIN;SEASHELLS;10002;1
169000;;SUBMISSION;KELP;SEASHELLS;2019;3
169200;;SUBMISSION;KELP;SEASHELLS;2019;1
169500;;SUBMISSION;KELP;SEASHELLS;2019;1
169900;SUBMISSION;;KELP;SEASHELLS;2017;1
170200;SUBMISSION;;KELP;SEASHELLS;2017;1
170400;;SUBMISSION;RAINFOREST_RESIN;SEASHELLS;10002;11
170400;;SUBMISSION;KELP;SEASHELLS;2020;10
171000;SUBMISSION;;KELP;SEASHELLS;2019;3
171000;SUBMISSION;;KELP;SEASHELLS;2019;6
171000;SUBMISSION;;KELP;SEASHELLS;2019;3
171100;;SUBMISSION;RAINFOREST_RESIN;SEASHELLS;10002;3
171400;;SUBMISSION;RAINFOREST_RESIN;SEASHELLS;10002;5
171500;;SUBMISSION;RAINFOREST_RESIN;SEASHELLS;10002;1
171600;SUBMISSION;;RAINFOREST_RESIN;SEASHELLS;9998;11
171600;SUBMISSION;;KELP;SEASHELLS;2019;3
171900;;SUBMISSION;RAINFOREST_RESIN;SEASHELLS;10002;1
172100;;SUBMISSION;RAINFOREST_RESIN;SEASHELLS;10002;1
172600;SUBMISSION;;RAINFOREST_RESIN;SEASHELLS;9996;1
172700;SUBMISSION;;RAINFOREST_RESIN;SEASHELLS;9998;3
173400;SUBMISSION;;RAINFOREST_RESIN;SEASHELLS;9996;1
173500;SUBMISSION;;RAINFOREST_RESIN;SEASHELLS;9998;3
173700;;SUBMISSION;KELP;SEASHELLS;2019;1
173800;;SUBMISSION;KELP;SEASHELLS;2019;4
173800;;SUBMISSION;KELP;SEASHELLS;2020;1
173900;;SUBMISSION;RAINFOREST_RESIN;SEASHELLS;10004;9
173900;;SUBMISSION;KELP;SEASHELLS;2020;1
174000;SUBMISSION;;KELP;SEASHELLS;2018;1
174400;SUBMISSION;;KELP;SEASHELLS;2017;1
174800;;SUBMISSION;KELP;SEASHELLS;2019;1
175800;;SUBMISSION;RAINFOREST_RESIN;SEASHELLS;10004;1
175800;;SUBMISSION;KELP;SEASHELLS;2019;1
176000;;SUBMISSION;RAINFOREST_RESIN;SEASHELLS;10002;1
176000;SUBMISSION;;KELP;SEASHELLS;2018;1
176000;SUBMISSION;;KELP;SEASHELLS;2018;1
176100;;SUBMISSION;RAINFOREST_RESIN;SEASHELLS;10004;1
176100;;SUBMISSION;RAINFOREST_RESIN;SEASHELLS;10004;1
176100;;SUBMISSION;KELP;SEASHELLS;2020;2
176600;SUBMISSION;;KELP;SEASHELLS;2019;1
176900;SUBMISSION;;KELP;SEASHELLS;2019;5
177400;SUBMISSION;;KELP;SEASHELLS;2019;1
177600;SUBMISSION;;RAINFOREST_RESIN;SEASHELLS;9998;1
177700;SUBMISSION;;RAINFOREST_RESIN;SEASHELLS;9996;1
177900;SUBMISSION;;RAINFOREST_RESIN;SEASHELLS;9998;12
179000;;SUBMISSION;RAINFOREST_RESIN;SEASHELLS;10004;1
179700;;SUBMISSION;KELP;SEASHELLS;2019;1
179800;SUBMISSION;;RAINFOREST_RESIN;SEASHELLS;9996;8
179900;SUBMISSION;;RAINFOREST_RESIN;SEASHELLS;9996;2
180000;;SUBMISSION;KELP;SEASHELLS;2019;11
180100;SUBMISSION;;RAINFOREST_RESIN;SEASHELLS;9998;3
180300;SUBMISSION;;RAINFOREST_RESIN;SEASHELLS;9998;4
180500;;SUBMISSION;KELP;SEASHELLS;2020;2
180500;;SUBMISSION;KELP;SEASHELLS;2020;6
181000;;SUBMISSION;KELP;SEASHELLS;2020;1
181600;SUBMISSION;;KELP;SEASHELLS;2019;2
181800;SUBMISSION;;KELP;SEASHELLS;2019;1
181900;;SUBMISSION;RAINFOREST_RESIN;SEASHELLS;10002;1
182000;;SUBMISSION;RAINFOREST_RESIN;SEASHELLS;10002;1
182100;SUBMISSION;;KELP;SEASHELLS;2019;2
182200;;SUBMISSION;KELP;SEASHELLS;2020;1
182200;;SUBMISSION;KELP;SEASHELLS;2020;1
182300;SUBMISSION;;RAINFOREST_RESIN;SEASHELLS;9996;1
182500;;SUBMISSION;RAINFOREST_RESIN;SEASHELLS;10002;4
182800;SUBMISSION;;KELP;SEASHELLS;2019;1
182800;SUBMISSION;;KELP;SEASHELLS;2019;2
183100;;SUBMISSION;RAINFOREST_RESIN;SEASHELLS;10004;1
183100;;SUBMISSION;KELP;SEASHELLS;2021;1
183100;;SUBMISSION;KELP;SEASHELLS;2022;1
183200;SUBMISSION;;KELP;SEASHELLS;2020;9
183500;;SUBMISSION;KELP;SEASHELLS;2022;1
183700;;SUBMISSION;KELP;SEASHELLS;2022;8
183900;SUBMISSION;;RAINFOREST_RESIN;SEASHELLS;9996;6
184000;SUBMISSION;;KELP;SEASHELLS;2019;13
184100;;SUBMISSION;KELP;SEASHELLS;2022;1
184100;;SUBMISSION;KELP;SEASHELLS;2022;1
184600;SUBMISSION;;RAINFOREST_RESIN;SEASHELLS;9996;1
184600;SUBMISSION;;KELP;SEASHELLS;2021;1
184700;;SUBMISSION;KELP;SEASHELLS;2022;1
184800;;SUBMISSION;RAINFOREST_RESIN;SEASHELLS;10002;5
184900;;SUBMISSION;RAINFOREST_RESIN;SEASHELLS;10002;1
185200;;SUBMISSION;RAINFOREST_RESIN;SEASHELLS;10002;1
185200;;SUBMISSION;KELP;SEASHELLS;2023;10
185400;SUBMISSION;;RAINFOREST_RESIN;SEASHELLS;9996;1
185400;SUBMISSION;;KELP;SEASHELLS;2021;1
185500;SUBMISSION;;RAINFOREST_RESIN;SEASHELLS;9998;1
186000;;SUBMISSION;RAINFOREST_RESIN;SEASHELLS;10002;4
186100;SUBMISSION;;KELP;SEASHELLS;2022;4
186100;SUBMISSION;;KELP;SEASHELLS;2022;8
186100;SUBMISSION;;KELP;SEASHELLS;2022;1
186100;SUBMISSION;;KELP;SEASHELLS;2022;2
186300;;SUBMISSION;RAINFOREST_RESIN;SEASHELLS;10004;1
186300;;SUBMISSION;RAINFOREST_RESIN;SEASHELLS;10004;10
186400;SUBMISSION;;RAINFOREST_RESIN;SEASHELLS;9998;1
187000;SUBMISSION;;RAINFOREST_RESIN;SEASHELLS;10000;3
187300;;SUBMISSION;KELP;SEASHELLS;2022;1
187400;;SUBMISSION;KELP;SEASHELLS;2023;1
187400;;SUBMISSION;KELP;SEASHELLS;2023;1
187700;SUBMISSION;;KELP;SEASHELLS;2021;1
187700;;SUBMISSION;KELP;SEASHELLS;2022;8
187700;;SUBMISSION;KELP;SEASHELLS;2023;15
188000;;SUBMISSION;RAINFOREST_RESIN;SEASHELLS;10002;1
188000;SUBMISSION;;KELP;SEASHELLS;2022;2
188400;SUBMISSION;;RAINFOREST_RESIN;SEASHELLS;9998;1
189000;SUBMISSION;;KELP;SEASHELLS;2021;1
189100;;SUBMISSION;RAINFOREST_RESIN;SEASHELLS;10000;5
189200;;SUBMISSION;KELP;SEASHELLS;2021;2
189300;;SUBMISSION;KELP;SEASHELLS;2022;1
189500;SUBMISSION;;RAINFOREST_RESIN;SEASHELLS;9998;1
189500;;SUBMISSION;RAINFOREST_RESIN;SEASHELLS;10004;2
189500;;SUBMISSION;KELP;SEASHELLS;2023;2
189700;SUBMISSION;;KELP;SEASHELLS;2022;4
189800;;SUBMISSION;RAINFOREST_RESIN;SEASHELLS;10004;1
189800;;SUBMISSION;RAINFOREST_RESIN;SEASHELLS;10004;1
189900;;SUBMISSION;RAINFOREST_RESIN;SEASHELLS;10000;3
190000;SUBMISSION;;KELP;SEASHELLS;2021;9
190300;;SUBMISSION;KELP;SEASHELLS;2023;1
190600;SUBMISSION;;KELP;SEASHELLS;2021;1
190700;;SUBMISSION;RAINFOREST_RESIN;SEASHELLS;10002;2
190700;SUBMISSION;;KELP;SEASHELLS;2021;10
190800;SUBMISSION;;RAINFOREST_RESIN;SEASHELLS;9998;5
190900;;SUBMISSION;RAINFOREST_RESIN;SEASHELLS;10002;1
190900;;SUBMISSION;KELP;SEASHELLS;2023;1
190900;;SUBMISSION;KELP;SEASHELLS;2023;1
190900;;SUBMISSION;KELP;SEASHELLS;2023;1
191300;;SUBMISSION;RAINFOREST_RESIN;SEASHELLS;10000;6
191500;SUBMISSION;;RAINFOREST_RESIN;SEASHELLS;9998;4
191700;;SUBMISSION;RAINFOREST_RESIN;SEASHELLS;10004;2
191700;;SUBMISSION;RAINFOREST_RESIN;SEASHELLS;10004;4
191800;;SUBMISSION;KELP;SEASHELLS;2022;1
191800;;SUBMISSION;KELP;SEASHELLS;2022;1
192000;;SUBMISSION;KELP;SEASHELLS;2021;1
192100;SUBMISSION;;RAINFOREST_RESIN;SEASHELLS;9998;1
192200;SUBMISSION;;RAINFOREST_RESIN;SEASHELLS;9998;2
192200;SUBMISSION;;KELP;SEASHELLS;2020;5
192400;SUBMISSION;;KELP;SEASHELLS;2020;1
192500;SUBMISSION;;RAINFOREST_RESIN;SEASHELLS;9998;1
192500;;SUBMISSION;KELP;SEASHELLS;2022;1
192600;;SUBMISSION;RAINFOREST_RESIN;SEASHELLS;10002;3
192700;SUBMISSION;;RAINFOREST_RESIN;SEASHELLS;9996;1
192700;SUBMISSION;;RAINFOREST_RESIN;SEASHELLS;9996;5
193300;;SUBMISSION;RAINFOREST_RESIN;SEASHELLS;10002;4
193500;SUBMISSION;;RAINFOREST_RESIN;SEASHELLS;9998;1
193600;;SUBMISSION;KELP;SEASHELLS;2020;14
193700;SUBMISSION;;RAINFOREST_RESIN;SEASHELLS;9998;1
193800;;SUBMISSION;KELP;SEASHELLS;2020;1
193800;;SUBMISSION;KELP;SEASHELLS;2020;1
194000;SUBMISSION;;KELP;SEASHELLS;2019;1
194100;SUBMISSION;;RAINFOREST_RESIN;SEASHELLS;9998;1
194100;;SUBMISSION;KELP;SEASHELLS;2020;1
194300;SUBMISSION;;KELP;SEASHELLS;2019;1
194400;;SUBMISSION;KELP;SEASHELLS;2020;2
194600;SUBMISSION;;KELP;SEASHELLS;2019;1
195100;;SUBMISSION;RAINFOREST_RESIN;SEASHELLS;10002;1
195100;SUBMISSION;;KELP;SEASHELLS;2018;2
195100;SUBMISSION;;KELP;SEASHELLS;2018;6
195700;;SUBMISSION;RAINFOREST_RESIN;SEASHELLS;10002;1
195800;;SUBMISSION;RAINFOREST_RESIN;SEASHELLS;10004;1
195800;;SUBMISSION;KELP;SEASHELLS;2021;1
195900;SUBMISSION;;RAINFOREST_RESIN;SEASHELLS;9998;1
196000;;SUBMISSION;RAINFOREST_RESIN;SEASHELLS;10002;2
196000;;SUBMISSION;KELP;SEASHELLS;2021;1
196500;;SUBMISSION;KELP;SEASHELLS;2022;1
196500;;SUBMISSION;KELP;SEASHELLS;2022;1
197000;;SUBMISSION;RAINFOREST_RESIN;SEASHELLS;10000;6
197300;SUBMISSION;;RAINFOREST_RESIN;SEASHELLS;9996;1
197300;SUBMISSION;;RAINFOREST_RESIN;SEASHELLS;9996;1
197300;;SUBMISSION;KELP;SEASHELLS;2023;1
197400;;SUBMISSION;RAINFOREST_RESIN;SEASHELLS;10002;1
197400;;SUBMISSION;KELP;SEASHELLS;2022;1
197500;SUBMISSION;;KELP;SEASHELLS;2021;1
197700;;SUBMISSION;KELP;SEASHELLS;2023;2
198500;SUBMISSION;;RAINFOREST_RESIN;SEASHELLS;9998;10
198500;;SUBMISSION;KELP;SEASHELLS;2023;1
198500;;SUBMISSION;KELP;SEASHELLS;2023;2
198800;SUBMISSION;;KELP;SEASHELLS;2021;1
198900;;SUBMISSION;RAINFOREST_RESIN;SEASHELLS;10002;1
198900;SUBMISSION;;KELP;SEASHELLS;2021;5
198900;SUBMISSION;;KELP;SEASHELLS;2021;10
198900;SUBMISSION;;KELP;SEASHELLS;2021;5
199000;SUBMISSION;;RAINFOREST_RESIN;SEASHELLS;9996;2
199200;;SUBMISSION;RAINFOREST_RESIN;SEASHELLS;10000;5
199200;SUBMISSION;;KELP;SEASHELLS;2021;2
199400;;SUBMISSION;RAINFOREST_RESIN;SEASHELLS;10004;1
199500;;SUBMISSION;RAINFOREST_RESIN;SEASHELLS;10002;1
199600;;SUBMISSION;KELP;SEASHELLS;2023;1
199600;;SUBMISSION;KELP;SEASHELLS;2023;1
