day;timestamp;product;bid_price_1;bid_volume_1;bid_price_2;bid_volume_2;bid_price_3;bid_volume_3;ask_price_1;ask_volume_1;ask_price_2;ask_volume_2;ask_price_3;ask_volume_3;mid_price;profit_and_loss
-1;0;RAINFOREST_RESIN;10002;0;9996;2;9995;29;10004;-2;10005;-29;;;10003.0;10002
-1;0;KELP;2028;1;2026;2;2025;29;2029;-31;;;;;2028.5;10002
-1;100;RAINFOREST_RESIN;9996;2;9995;22;;;10004;-2;10005;-22;;;10000.0;20003
-1;100;KELP;2025;24;;;;;2028;-2;2029;-22;;;2026.5;20003
-1;200;RAINFOREST_RESIN;9995;20;;;;;10005;-20;;;;;10000.0;30004
-1;200;KELP;2025;22;;;;;2028;-20;;;;;2026.5;30004
-1;300;RAINFOREST_RESIN;9996;2;9995;29;;;10004;-2;10005;-29;;;10000.0;40005
-1;300;KELP;2025;31;;;;;2028;-2;2029;-29;;;2026.5;40005
-1;400;RAINFOREST_RESIN;9996;2;9995;25;;;10004;-2;10005;-25;;;10000.0;50006
-1;400;KELP;2025;27;;;;;2028;-27;;;;;2026.5;50006
-1;500;RAINFOREST_RESIN;9995;30;;;;;10002;-4;10005;-30;;;9998.5;60007
-1;500;KELP;2025;30;;;;;2028;-30;;;;;2026.5;60007
-1;600;RAINFOREST_RESIN;10000;5;9995;25;;;10005;-25;;;;;10002.5;70008
-1;600;KELP;2026;5;2025;31;;;2028;-25;;;;;2027.0;70008
-1;700;RAINFOREST_RESIN;9995;23;;;;;10005;-23;;;;;10000.0;80009
-1;700;KELP;2025;2;2024;23;;;2028;-23;;;;;2026.5;80009
-1;800;RAINFOREST_RESIN;9996;1;9995;29;;;10004;-1;10005;-29;;;10000.0;90010
-1;800;KELP;2024;1;2023;29;;;2027;-30;;;;;2025.5;90010
-1;900;RAINFOREST_RESIN;9996;1;9995;22;;;10004;-1;10005;-22;;;10000.0;100011
-1;900;KELP;2024;23;;;;;2027;-23;;;;;2025.5;100011
-1;1000;RAINFOREST_RESIN;9995;26;;;;;10005;-26;;;;;10000.0;110012
-1;1000;KELP;2024;26;;;;;2026;-6;2027;-26;;;2025.0;110012
-1;1100;RAINFOREST_RESIN;9996;2;9995;24;;;10004;-2;10005;-24;;;10000.0;120013
-1;1100;KELP;2025;6;2024;26;;;2027;-2;2028;-24;;;2026.0;120013
-1;1200;RAINFOREST_RESIN;9995;21;;;;;9998;-1;10005;-21;;;9996.5;100015
-1;1200;KELP;2024;21;;;;;2026;-8;2028;-21;;;2025.0;100015
-1;1300;RAINFOREST_RESIN;10002;0;9996;1;9995;30;10004;-1;10005;-30;;;10003.0;90019
-1;1300;KELP;2024;31;;;;;2028;-31;;;;;2026.0;90019
-1;1400;RAINFOREST_RESIN;9996;1;9995;25;;;10004;-1;10005;-25;;;10000.0;70021
-1;1400;KELP;2025;3;2024;25;;;2028;-26;;;;;2026.5;70021
-1;1500;RAINFOREST_RESIN;9995;27;;;;;10005;-27;;;;;10000.0;50023
-1;1500;KELP;2024;27;;;;;2028;-27;;;;;2026.0;50023
-1;1600;RAINFOREST_RESIN;9995;29;;;;;10005;-29;;;;;10000.0;30025
-1;1600;KELP;2024;29;;;;;2026;-4;2028;-29;;;2025.0;30025
-1;1700;RAINFOREST_RESIN;9996;2;9995;20;;;10002;-1;10004;-2;10005;-20;9999.0;40026
-1;1700;KELP;2024;22;;;;;2026;-8;2028;-22;;;2025.0;40026
-1;1800;RAINFOREST_RESIN;10002;0;9996;1;9995;22;10004;-1;10005;-22;;;10003.0;60029
-1;1800;KELP;2024;23;;;;;2028;-23;;;;;2026.0;60029
-1;1900;RAINFOREST_RESIN;9996;1;9995;28;;;10004;-1;10005;-28;;;10000.0;70030
-1;1900;KELP;2024;29;;;;;2026;-5;2027;-29;;;2025.0;70030
-1;2000;RAINFOREST_RESIN;9996;2;9995;24;;;9998;-1;10004;-2;10005;-24;9997.0;80031
-1;2000;KELP;2024;26;;;;;2027;-26;;;;;2025.5;80031
-1;2100;RAINFOREST_RESIN;9996;2;9995;25;;;10002;-3;10004;-2;10005;-25;9999.0;70032
-1;2100;KELP;2024;27;;;;;2027;-2;2028;-25;;;2025.5;70032
-1;2200;RAINFOREST_RESIN;9998;8;9996;1;9995;24;10004;-1;10005;-24;;;10001.0;60033
-1;2200;KELP;2024;25;;;;;2026;-7;2027;-1;2028;-24;2025.0;60033
-1;2300;RAINFOREST_RESIN;9998;7;9996;2;9995;30;10004;-2;10005;-30;;;10001.0;50034
-1;2300;KELP;2024;32;;;;;2028;-32;;;;;2026.0;50034
-1;2400;RAINFOREST_RESIN;9995;29;;;;;10005;-29;;;;;10000.0;40035
-1;2400;KELP;2024;29;;;;;2025;-1;2028;-29;;;2024.5;40035
-1;2500;RAINFOREST_RESIN;9996;1;9995;22;;;10004;-1;10005;-22;;;10000.0;30036
-1;2500;KELP;2025;2;2024;23;;;2027;-1;2028;-22;;;2026.0;30036
-1;2600;RAINFOREST_RESIN;9995;23;;;;;10005;-23;;;;;10000.0;20037
-1;2600;KELP;2025;3;2024;23;;;2028;-23;;;;;2026.5;20037
-1;2700;RAINFOREST_RESIN;9998;6;9995;26;;;10005;-26;;;;;10001.5;10038
-1;2700;KELP;2024;26;;;;;2027;-26;;;;;2025.5;10038
-1;2800;RAINFOREST_RESIN;9995;25;;;;;10005;-25;;;;;10000.0;39
-1;2800;KELP;2023;25;;;;;2027;-25;;;;;2025.0;39
-1;2900;RAINFOREST_RESIN;9996;1;9995;25;;;10004;-1;10005;-25;;;10000.0;-9960
-1;2900;KELP;2023;26;;;;;2027;-26;;;;;2025.0;-9960
-1;3000;RAINFOREST_RESIN;9998;1;9995;26;;;10005;-26;;;;;10001.5;-129948
-1;3000;KELP;2024;29;;;;;2027;-26;;;;;2025.5;-129948
-1;3100;RAINFOREST_RESIN;9996;2;9995;24;;;10004;-2;10005;-24;;;10000.0;-119947
-1;3100;KELP;2023;26;;;;;2025;-5;2026;-26;;;2024.0;-119947
-1;3200;RAINFOREST_RESIN;9996;1;9995;22;;;10004;-1;10005;-22;;;10000.0;-139945
-1;3200;KELP;2023;23;;;;;2025;-3;2026;-23;;;2024.0;-139945
-1;3300;RAINFOREST_RESIN;9996;2;9995;30;;;10004;-2;10005;-30;;;10000.0;-159943
-1;3300;KELP;2023;32;;;;;2025;-2;2026;-32;;;2024.0;-159943
-1;3400;RAINFOREST_RESIN;9996;2;9995;24;;;10004;-2;10005;-24;;;10000.0;-179941
-1;3400;KELP;2023;26;;;;;2026;-26;;;;;2024.5;-179941
-1;3500;RAINFOREST_RESIN;9995;26;;;;;10005;-26;;;;;10000.0;-199939
-1;3500;KELP;2023;26;;;;;2026;-26;;;;;2024.5;-199939
-1;3600;RAINFOREST_RESIN;9995;21;;;;;9998;-4;10005;-21;;;9996.5;-219937
-1;3600;KELP;2023;21;;;;;2026;-21;;;;;2024.5;-219937
-1;3700;RAINFOREST_RESIN;10002;0;9996;1;9995;23;10004;-1;10005;-23;;;10003.0;-229933
-1;3700;KELP;2023;27;;;;;2026;-24;;;;;2024.5;-229933
-1;3800;RAINFOREST_RESIN;9996;2;9995;23;;;10002;-10;10004;-2;10005;-23;9999.0;-219932
-1;3800;KELP;2023;25;;;;;2026;-25;;;;;2024.5;-219932
-1;3900;RAINFOREST_RESIN;9998;1;9996;1;9995;25;10004;-1;10005;-25;;;10001.0;-229931
-1;3900;KELP;2023;28;;;;;2026;-26;;;;;2024.5;-229931
-1;4000;RAINFOREST_RESIN;9996;2;9995;30;;;10004;-2;10005;-30;;;10000.0;-239930
-1;4000;KELP;2023;32;;;;;2026;-32;;;;;2024.5;-239930
-1;4100;RAINFOREST_RESIN;9996;2;9995;27;;;10004;-2;10005;-27;;;10000.0;-249929
-1;4100;KELP;2023;29;;;;;2027;-29;;;;;2025.0;-249929
-1;4200;RAINFOREST_RESIN;9996;2;9995;24;;;10002;-4;10004;-2;10005;-24;9999.0;-259928
-1;4200;KELP;2023;26;;;;;2027;-26;;;;;2025.0;-259928
-1;4300;RAINFOREST_RESIN;9995;22;;;;;9998;-1;10000;-6;10005;-22;9996.5;-279926
-1;4300;KELP;2023;29;;;;;2024;-5;2026;-22;;;2023.5;-279926
-1;4400;RAINFOREST_RESIN;9995;30;;;;;10005;-30;;;;;10000.0;-299924
-1;4400;KELP;2023;30;;;;;2026;-30;;;;;2024.5;-299924
-1;4500;RAINFOREST_RESIN;9996;1;9995;28;;;10002;-10;10004;-1;10005;-28;9999.0;-319922
-1;4500;KELP;2023;28;;;;;2026;-29;;;;;2024.5;-319922
-1;4600;RAINFOREST_RESIN;9996;1;9995;29;;;10002;-10;10004;-1;10005;-29;9999.0;-339920
-1;4600;KELP;2023;30;;;;;2026;-30;;;;;2024.5;-339920
-1;4700;RAINFOREST_RESIN;9996;2;9995;30;;;10004;-2;10005;-30;;;10000.0;-359918
-1;4700;KELP;2023;25;;;;;2025;-3;2026;-32;;;2024.0;-359918
-1;4800;RAINFOREST_RESIN;9998;6;9996;2;9995;22;10004;-2;10005;-22;;;10001.0;-379916
-1;4800;KELP;2023;24;;;;;2027;-24;;;;;2025.0;-379916
-1;4900;RAINFOREST_RESIN;9995;22;;;;;10002;-7;10005;-22;;;9998.5;-359914
-1;4900;KELP;2023;22;;;;;2027;-22;;;;;2025.0;-359914
-1;5000;RAINFOREST_RESIN;9998;3;9996;2;9995;28;10004;-2;10005;-28;;;10001.0;-339912
-1;5000;KELP;2023;30;;;;;2026;-30;;;;;2024.5;-339912
-1;5100;RAINFOREST_RESIN;9996;1;9995;30;;;10004;-1;10005;-30;;;10000.0;-319910
-1;5100;KELP;2023;37;;;;;2026;-31;;;;;2024.5;-319910
-1;5200;RAINFOREST_RESIN;9998;9;9996;1;9995;26;10004;-1;10005;-26;;;10001.0;-299908
-1;5200;KELP;2023;35;;;;;2026;-27;;;;;2024.5;-299908
-1;5300;RAINFOREST_RESIN;9996;1;9995;20;;;10004;-1;10005;-20;;;10000.0;-279906
-1;5300;KELP;2025;1;2023;21;;;2026;-21;;;;;2025.5;-279906
-1;5400;RAINFOREST_RESIN;9995;21;;;;;10005;-21;;;;;10000.0;-259904
-1;5400;KELP;2023;21;;;;;2025;-6;2027;-21;;;2024.0;-259904
-1;5500;RAINFOREST_RESIN;9995;27;;;;;10005;-27;;;;;10000.0;-239902
-1;5500;KELP;2023;27;;;;;2027;-27;;;;;2025.0;-239902
-1;5600;RAINFOREST_RESIN;9995;28;;;;;10005;-28;;;;;10000.0;-219900
-1;5600;KELP;2025;2;2023;28;;;2027;-28;;;;;2026.0;-219900
-1;5700;RAINFOREST_RESIN;9998;2;9995;27;;;10005;-27;;;;;10001.5;-199898
-1;5700;KELP;2024;26;;;;;2027;-27;;;;;2025.5;-199898
-1;5800;RAINFOREST_RESIN;9996;1;9995;30;;;10004;-1;10005;-30;;;10000.0;-179896
-1;5800;KELP;2024;31;;;;;2027;-31;;;;;2025.5;-179896
-1;5900;RAINFOREST_RESIN;9996;2;9995;28;;;10004;-2;10005;-28;;;10000.0;-159894
-1;5900;KELP;2024;35;;;;;2027;-30;;;;;2025.5;-159894
-1;6000;RAINFOREST_RESIN;9995;30;;;;;10005;-30;;;;;10000.0;-139892
-1;6000;KELP;2024;30;;;;;2027;-30;;;;;2025.5;-139892
-1;6100;RAINFOREST_RESIN;9996;1;9995;24;;;10004;-1;10005;-24;;;10000.0;-119890
-1;6100;KELP;2024;24;;;;;2027;-25;;;;;2025.5;-119890
-1;6200;RAINFOREST_RESIN;9996;1;9995;21;;;10004;-1;10005;-21;;;10000.0;-99888
-1;6200;KELP;2024;22;;;;;2027;-22;;;;;2025.5;-99888
-1;6300;RAINFOREST_RESIN;9996;2;9995;23;;;10004;-2;10005;-23;;;10000.0;-79886
-1;6300;KELP;2024;30;;;;;2027;-25;;;;;2025.5;-79886
-1;6400;RAINFOREST_RESIN;9996;1;9995;24;;;10004;-1;10005;-24;;;10000.0;-59884
-1;6400;KELP;2024;25;;;;;2027;-25;;;;;2025.5;-59884
-1;6500;RAINFOREST_RESIN;9996;1;9995;26;;;9998;-1;10004;-1;10005;-26;9997.0;-39882
-1;6500;KELP;2024;27;;;;;2027;-27;;;;;2025.5;-39882
-1;6600;RAINFOREST_RESIN;9996;2;9995;24;;;10004;-2;10005;-24;;;10000.0;-49881
-1;6600;KELP;2024;26;;;;;2028;-26;;;;;2026.0;-49881
-1;6700;RAINFOREST_RESIN;9995;20;;;;;10002;-3;10005;-20;;;9998.5;-19878
-1;6700;KELP;2025;7;2024;20;;;2028;-20;;;;;2026.5;-19878
-1;6800;RAINFOREST_RESIN;9996;2;9995;30;;;10004;-2;10005;-30;;;10000.0;10125
-1;6800;KELP;2024;32;;;;;2026;-8;2027;-2;2028;-30;2025.0;10125
-1;6900;RAINFOREST_RESIN;9996;1;9995;26;;;10002;-5;10004;-1;10005;-26;9999.0;20126
-1;6900;KELP;2024;27;;;;;2026;-1;2027;-27;;;2025.0;20126
-1;7000;RAINFOREST_RESIN;9998;2;9995;27;;;10005;-27;;;;;10001.5;30127
-1;7000;KELP;2026;4;2024;27;;;2027;-27;;;;;2026.5;30127
-1;7100;RAINFOREST_RESIN;9996;1;9995;29;;;10004;-1;10005;-29;;;10000.0;50129
-1;7100;KELP;2024;30;;;;;2027;-30;;;;;2025.5;50129
-1;7200;RAINFOREST_RESIN;9998;5;9996;1;9995;27;10004;-1;10005;-27;;;10001.0;70131
-1;7200;KELP;2024;28;;;;;2027;-28;;;;;2025.5;70131
-1;7300;RAINFOREST_RESIN;10002;0;9996;2;9995;29;10004;-2;10005;-29;;;10003.0;100135
-1;7300;KELP;2024;35;;;;;2027;-31;;;;;2025.5;100135
-1;7400;RAINFOREST_RESIN;9996;1;9995;22;;;10004;-1;10005;-22;;;10000.0;120137
-1;7400;KELP;2024;22;;;;;2027;-23;;;;;2025.5;120137
-1;7500;RAINFOREST_RESIN;9995;25;;;;;10002;-10;10005;-25;;;9998.5;140139
-1;7500;KELP;2024;25;;;;;2027;-25;;;;;2025.5;140139
-1;7600;RAINFOREST_RESIN;9996;2;9995;20;;;10004;-2;10005;-20;;;10000.0;160141
-1;7600;KELP;2024;22;;;;;2027;-22;;;;;2025.5;160141
-1;7700;RAINFOREST_RESIN;9995;22;;;;;10005;-22;;;;;10000.0;180143
-1;7700;KELP;2024;21;;;;;2027;-22;;;;;2025.5;180143
-1;7800;RAINFOREST_RESIN;9998;3;9996;1;9995;22;10004;-1;10005;-22;;;10001.0;200145
-1;7800;KELP;2024;23;;;;;2027;-23;;;;;2025.5;200145
-1;7900;RAINFOREST_RESIN;9996;1;9995;26;;;10004;-1;10005;-26;;;10000.0;220147
-1;7900;KELP;2024;31;;;;;2027;-27;;;;;2025.5;220147
-1;8000;RAINFOREST_RESIN;9995;27;;;;;10005;-27;;;;;10000.0;240149
-1;8000;KELP;2024;27;;;;;2026;-8;2027;-27;;;2025.0;240149
-1;8100;RAINFOREST_RESIN;9996;1;9995;22;;;10004;-1;10005;-22;;;10000.0;260151
-1;8100;KELP;2023;23;;;;;2027;-23;;;;;2025.0;260151
-1;8200;RAINFOREST_RESIN;9995;23;;;;;10005;-23;;;;;10000.0;240153
-1;8200;KELP;2023;23;;;;;2025;-1;2026;-23;;;2024.0;240153
-1;8300;RAINFOREST_RESIN;9996;1;9995;29;;;10004;-1;10005;-29;;;10000.0;220155
-1;8300;KELP;2023;30;;;;;2026;-30;;;;;2024.5;220155
-1;8400;RAINFOREST_RESIN;9995;28;;;;;10005;-28;;;;;10000.0;200157
-1;8400;KELP;2023;28;;;;;2026;-28;;;;;2024.5;200157
-1;8500;RAINFOREST_RESIN;9998;10;9996;2;9995;29;10004;-2;10005;-29;;;10001.0;180159
-1;8500;KELP;2023;31;;;;;2026;-31;;;;;2024.5;180159
-1;8600;RAINFOREST_RESIN;9996;1;9995;22;;;10004;-1;10005;-22;;;10000.0;160161
-1;8600;KELP;2023;22;;;;;2026;-23;;;;;2024.5;160161
-1;8700;RAINFOREST_RESIN;9998;10;9995;27;;;10005;-27;;;;;10001.5;140163
-1;8700;KELP;2023;27;;;;;2025;-4;2026;-27;;;2024.0;140163
-1;8800;RAINFOREST_RESIN;9995;25;;;;;9998;-1;10005;-25;;;9996.5;120165
-1;8800;KELP;2024;7;2023;25;;;2027;-25;;;;;2025.5;120165
-1;8900;RAINFOREST_RESIN;9998;9;9995;26;;;10005;-26;;;;;10001.5;110166
-1;8900;KELP;2024;1;2023;26;;;2027;-26;;;;;2025.5;110166
-1;9000;RAINFOREST_RESIN;9996;2;9995;29;;;10004;-2;10005;-29;;;10000.0;100167
-1;9000;KELP;2023;31;;;;;2027;-31;;;;;2025.0;100167
-1;9100;RAINFOREST_RESIN;9998;3;9996;2;9995;27;10004;-2;10005;-27;;;10001.0;90168
-1;9100;KELP;2023;29;;;;;2026;-2;2027;-27;;;2024.5;90168
-1;9200;RAINFOREST_RESIN;9998;10;9995;27;;;10005;-27;;;;;10001.5;80169
-1;9200;KELP;2023;27;;;;;2025;-7;2026;-27;;;2024.0;80169
-1;9300;RAINFOREST_RESIN;9996;1;9995;20;;;10004;-1;10005;-20;;;10000.0;70170
-1;9300;KELP;2023;21;;;;;2026;-21;;;;;2024.5;70170
-1;9400;RAINFOREST_RESIN;9998;2;9996;2;9995;21;10004;-2;10005;-21;;;10001.0;60171
-1;9400;KELP;2023;23;;;;;2026;-23;;;;;2024.5;60171
-1;9500;RAINFOREST_RESIN;9996;1;9995;30;;;10004;-1;10005;-30;;;10000.0;50172
-1;9500;KELP;2023;35;;;;;2026;-31;;;;;2024.5;50172
-1;9600;RAINFOREST_RESIN;9996;1;9995;30;;;10004;-1;10005;-30;;;10000.0;40173
-1;9600;KELP;2023;31;;;;;2026;-31;;;;;2024.5;40173
-1;9700;RAINFOREST_RESIN;9995;22;;;;;10002;-1;10005;-22;;;9998.5;30174
-1;9700;KELP;2023;22;;;;;2026;-22;;;;;2024.5;30174
-1;9800;RAINFOREST_RESIN;9995;26;;;;;10005;-26;;;;;10000.0;20175
-1;9800;KELP;2023;26;;;;;2026;-26;;;;;2024.5;20175
-1;9900;RAINFOREST_RESIN;9995;25;;;;;10005;-25;;;;;10000.0;10176
-1;9900;KELP;2025;4;2023;25;;;2026;-25;;;;;2025.5;10176
-1;10000;RAINFOREST_RESIN;9995;28;;;;;10005;-28;;;;;10000.0;177
-1;10000;KELP;2023;36;;;;;2026;-28;;;;;2024.5;177
-1;10100;RAINFOREST_RESIN;9996;1;9995;24;;;10002;-3;10004;-1;10005;-24;9999.0;-9822
-1;10100;KELP;2023;25;;;;;2026;-25;;;;;2024.5;-9822
-1;10200;RAINFOREST_RESIN;9996;2;9995;26;;;10004;-2;10005;-26;;;10000.0;-19821
-1;10200;KELP;2022;28;;;;;2026;-28;;;;;2024.0;-19821
-1;10300;RAINFOREST_RESIN;9998;4;9995;27;;;10005;-27;;;;;10001.5;-29820
-1;10300;KELP;2024;1;2022;35;;;2025;-27;;;;;2024.5;-29820
-1;10400;RAINFOREST_RESIN;10002;0;9996;1;9995;28;10004;-1;10005;-28;;;10003.0;-29817
-1;10400;KELP;2023;1;2022;29;;;2026;-29;;;;;2024.5;-29817
-1;10500;RAINFOREST_RESIN;9998;4;9996;2;9995;29;10004;-2;10005;-29;;;10001.0;-19816
-1;10500;KELP;2023;2;2022;29;;;2026;-31;;;;;2024.5;-19816
-1;10600;RAINFOREST_RESIN;9996;2;9995;29;;;10000;-4;10004;-2;10005;-29;9998.0;-9815
-1;10600;KELP;2022;31;;;;;2023;-4;2024;-4;2025;-31;2022.5;-9815
-1;10700;RAINFOREST_RESIN;9998;8;9995;28;;;10005;-28;;;;;10001.5;186
-1;10700;KELP;2022;29;;;;;2025;-28;;;;;2023.5;186
-1;10800;RAINFOREST_RESIN;9998;5;9996;2;9995;22;10004;-2;10005;-22;;;10001.0;10187
-1;10800;KELP;2022;27;;;;;2025;-24;;;;;2023.5;10187
-1;10900;RAINFOREST_RESIN;9996;1;9995;27;;;10004;-1;10005;-27;;;10000.0;130199
-1;10900;KELP;2022;35;;;;;2025;-28;;;;;2023.5;130199
-1;11000;RAINFOREST_RESIN;9995;24;;;;;10002;-7;10005;-24;;;9998.5;250211
-1;11000;KELP;2024;7;2022;24;;;2025;-24;;;;;2024.5;250211
-1;11100;RAINFOREST_RESIN;9998;3;9995;21;;;10005;-21;;;;;10001.5;370223
-1;11100;KELP;2022;21;;;;;2025;-21;;;;;2023.5;370223
-1;11200;RAINFOREST_RESIN;9996;2;9995;21;;;10002;-7;10004;-2;10005;-21;9999.0;300230
-1;11200;KELP;2022;23;;;;;2025;-23;;;;;2023.5;300230
-1;11300;RAINFOREST_RESIN;9996;1;9995;21;;;10004;-1;10005;-21;;;10000.0;230237
-1;11300;KELP;2022;25;;;;;2025;-22;;;;;2023.5;230237
-1;11400;RAINFOREST_RESIN;9996;1;9995;25;;;10004;-1;10005;-25;;;10000.0;160244
-1;11400;KELP;2022;26;;;;;2025;-26;;;;;2023.5;160244
-1;11500;RAINFOREST_RESIN;9996;1;9995;25;;;10002;-7;10004;-1;10005;-25;9999.0;180246
-1;11500;KELP;2022;26;;;;;2024;-8;2025;-26;;;2023.0;180246
-1;11600;RAINFOREST_RESIN;9996;2;9995;27;;;10002;-2;10004;-2;10005;-27;9999.0;200248
-1;11600;KELP;2022;29;;;;;2026;-29;;;;;2024.0;200248
-1;11700;RAINFOREST_RESIN;9996;2;9995;21;;;10004;-2;10005;-21;;;10000.0;220250
-1;11700;KELP;2022;23;;;;;2023;-2;2026;-23;;;2022.5;220250
-1;11800;RAINFOREST_RESIN;9998;10;9995;29;;;10000;-5;10005;-29;;;9999.0;240252
-1;11800;KELP;2022;29;;;;;2024;-4;2026;-29;;;2023.0;240252
-1;11900;RAINFOREST_RESIN;9996;2;9995;30;;;10004;-2;10005;-30;;;10000.0;260254
-1;11900;KELP;2023;2;2022;30;;;2024;-3;2026;-32;;;2023.5;260254
-1;12000;RAINFOREST_RESIN;10002;0;9995;20;;;10005;-20;;;;;10003.5;290258
-1;12000;KELP;2023;20;;;;;2026;-20;;;;;2024.5;290258
-1;12100;RAINFOREST_RESIN;9996;2;9995;25;;;10004;-2;10005;-25;;;10000.0;300259
-1;12100;KELP;2023;27;;;;;2025;-1;2026;-27;;;2024.0;300259
-1;12200;RAINFOREST_RESIN;9996;2;9995;28;;;10004;-2;10005;-28;;;10000.0;310260
-1;12200;KELP;2023;34;;;;;2026;-30;;;;;2024.5;310260
-1;12300;RAINFOREST_RESIN;9998;6;9996;1;9995;28;10004;-1;10005;-28;;;10001.0;320261
-1;12300;KELP;2023;29;;;;;2026;-29;;;;;2024.5;320261
-1;12400;RAINFOREST_RESIN;9995;26;;;;;10005;-26;;;;;10000.0;330262
-1;12400;KELP;2023;30;;;;;2026;-26;;;;;2024.5;330262
-1;12500;RAINFOREST_RESIN;9995;20;;;;;10005;-20;;;;;10000.0;340263
-1;12500;KELP;2023;19;;;;;2026;-20;;;;;2024.5;340263
-1;12600;RAINFOREST_RESIN;9995;22;;;;;10005;-22;;;;;10000.0;350264
-1;12600;KELP;2023;22;;;;;2026;-22;;;;;2024.5;350264
-1;12700;RAINFOREST_RESIN;9996;2;9995;20;;;10004;-2;10005;-20;;;10000.0;360265
-1;12700;KELP;2023;22;;;;;2026;-22;;;;;2024.5;360265
-1;12800;RAINFOREST_RESIN;9996;2;9995;20;;;10004;-2;10005;-20;;;10000.0;370266
-1;12800;KELP;2023;22;;;;;2026;-22;;;;;2024.5;370266
-1;12900;RAINFOREST_RESIN;9996;1;9995;28;;;10002;-3;10004;-1;10005;-28;9999.0;380267
-1;12900;KELP;2023;36;;;;;2026;-29;;;;;2024.5;380267
-1;13000;RAINFOREST_RESIN;10002;0;9995;20;;;10005;-20;;;;;10003.5;400270
-1;13000;KELP;2025;1;2023;6;2022;20;2026;-20;;;;;2025.5;400270
-1;13100;RAINFOREST_RESIN;9996;1;9995;25;;;10004;-1;10005;-25;;;10000.0;410271
-1;13100;KELP;2023;33;;;;;2026;-26;;;;;2024.5;410271
-1;13200;RAINFOREST_RESIN;9998;2;9995;22;;;10005;-22;;;;;10001.5;390273
-1;13200;KELP;2022;22;;;;;2025;-5;2026;-22;;;2023.5;390273
-1;13300;RAINFOREST_RESIN;9995;24;;;;;10005;-24;;;;;10000.0;370275
-1;13300;KELP;2023;6;2022;24;;;2026;-24;;;;;2024.5;370275
-1;13400;RAINFOREST_RESIN;9996;2;9995;30;;;10004;-2;10005;-30;;;10000.0;390277
-1;13400;KELP;2023;32;;;;;2026;-32;;;;;2024.5;390277
-1;13500;RAINFOREST_RESIN;9995;30;;;;;10005;-30;;;;;10000.0;410279
-1;13500;KELP;2022;30;;;;;2025;-8;2026;-30;;;2023.5;410279
-1;13600;RAINFOREST_RESIN;9995;25;;;;;10002;-10;10005;-25;;;9998.5;430281
-1;13600;KELP;2023;24;;;;;2025;-3;2026;-25;;;2024.0;430281
-1;13700;RAINFOREST_RESIN;9996;1;9995;20;;;9998;-4;10004;-1;10005;-20;9997.0;450283
-1;13700;KELP;2023;25;;;;;2026;-21;;;;;2024.5;450283
-1;13800;RAINFOREST_RESIN;9996;2;9995;20;;;10004;-2;10005;-20;;;10000.0;470285
-1;13800;KELP;2023;23;;;;;2026;-22;;;;;2024.5;470285
-1;13900;RAINFOREST_RESIN;9996;2;9995;20;;;10000;-6;10004;-2;10005;-20;9998.0;490287
-1;13900;KELP;2023;22;;;;;2024;-6;2025;-4;2026;-22;2023.5;490287
-1;14000;RAINFOREST_RESIN;9998;5;9996;2;9995;27;10004;-2;10005;-27;;;10001.0;510289
-1;14000;KELP;2023;3;2022;29;;;2026;-29;;;;;2024.5;510289
-1;14100;RAINFOREST_RESIN;9996;2;9995;23;;;10004;-2;10005;-23;;;10000.0;530291
-1;14100;KELP;2023;25;;;;;2025;-1;2026;-25;;;2024.0;530291
-1;14200;RAINFOREST_RESIN;9995;21;;;;;10005;-21;;;;;10000.0;550293
-1;14200;KELP;2023;20;;;;;2026;-21;;;;;2024.5;550293
-1;14300;RAINFOREST_RESIN;9996;2;9995;27;;;10004;-2;10005;-27;;;10000.0;570295
-1;14300;KELP;2022;29;;;;;2026;-29;;;;;2024.0;570295
-1;14400;RAINFOREST_RESIN;9996;1;9995;29;;;10004;-1;10005;-29;;;10000.0;590297
-1;14400;KELP;2023;30;;;;;2026;-30;;;;;2024.5;590297
-1;14500;RAINFOREST_RESIN;9995;24;;;;;10002;-1;10005;-24;;;9998.5;610299
-1;14500;KELP;2023;24;;;;;2026;-24;;;;;2024.5;610299
-1;14600;RAINFOREST_RESIN;9996;2;9995;26;;;10000;-2;10004;-2;10005;-26;9998.0;630301
-1;14600;KELP;2022;28;;;;;2024;-2;2026;-28;;;2023.0;630301
-1;14700;RAINFOREST_RESIN;9995;30;;;;;10002;-7;10005;-30;;;9998.5;650303
-1;14700;KELP;2022;30;;;;;2025;-30;;;;;2023.5;650303
-1;14800;RAINFOREST_RESIN;9995;28;;;;;10002;-6;10005;-28;;;9998.5;670305
-1;14800;KELP;2022;28;;;;;2025;-28;;;;;2023.5;670305
-1;14900;RAINFOREST_RESIN;10000;4;9995;26;;;10005;-26;;;;;10002.5;690307
-1;14900;KELP;2023;4;2022;26;;;2025;-26;;;;;2024.0;690307
-1;15000;RAINFOREST_RESIN;9998;1;9995;25;;;10005;-25;;;;;10001.5;710309
-1;15000;KELP;2024;8;2022;25;;;2025;-25;;;;;2024.5;710309
-1;15100;RAINFOREST_RESIN;9995;22;;;;;10005;-22;;;;;10000.0;730311
-1;15100;KELP;2022;27;;;;;2025;-22;;;;;2023.5;730311
-1;15200;RAINFOREST_RESIN;9998;6;9995;27;;;10005;-27;;;;;10001.5;750313
-1;15200;KELP;2022;26;;;;;2025;-27;;;;;2023.5;750313
-1;15300;RAINFOREST_RESIN;9995;26;;;;;10002;-1;10005;-26;;;9998.5;770315
-1;15300;KELP;2022;26;;;;;2024;-4;2025;-26;;;2023.0;770315
-1;15400;RAINFOREST_RESIN;9996;2;9995;28;;;9998;-1;10004;-2;10005;-28;9997.0;780316
-1;15400;KELP;2022;35;;;;;2025;-30;;;;;2023.5;780316
-1;15500;RAINFOREST_RESIN;10002;0;9996;2;9995;29;10004;-2;10005;-29;;;10003.0;780319
-1;15500;KELP;2022;31;;;;;2024;-8;2025;-31;;;2023.0;780319
-1;15600;RAINFOREST_RESIN;9996;2;9995;24;;;10004;-2;10005;-24;;;10000.0;770320
-1;15600;KELP;2022;31;;;;;2025;-26;;;;;2023.5;770320
-1;15700;RAINFOREST_RESIN;10002;0;9996;1;9995;24;10004;-1;10005;-24;;;10003.0;830331
-1;15700;KELP;2022;25;;;;;2025;-25;;;;;2023.5;830331
-1;15800;RAINFOREST_RESIN;9998;10;9996;2;9995;20;10004;-2;10005;-20;;;10001.0;840332
-1;15800;KELP;2025;1;2022;22;;;2026;-22;;;;;2025.5;840332
-1;15900;RAINFOREST_RESIN;9996;2;9995;29;;;10000;-6;10004;-2;10005;-29;9998.0;850333
-1;15900;KELP;2023;31;;;;;2024;-6;2025;-2;2026;-31;2023.5;850333
-1;16000;RAINFOREST_RESIN;9996;2;9995;27;;;10002;-6;10004;-2;10005;-27;9999.0;860334
-1;16000;KELP;2023;29;;;;;2025;-2;2026;-29;;;2024.0;860334
-1;16100;RAINFOREST_RESIN;9995;21;;;;;10000;-2;10002;-10;10005;-21;9997.5;870335
-1;16100;KELP;2022;21;;;;;2023;-2;2026;-21;;;2022.5;870335
-1;16200;RAINFOREST_RESIN;9995;24;;;;;9998;-1;10005;-24;;;9996.5;880336
-1;16200;KELP;2022;24;;;;;2023;-1;2026;-24;;;2022.5;880336
-1;16300;RAINFOREST_RESIN;9996;1;9995;22;;;10004;-1;10005;-22;;;10000.0;870337
-1;16300;KELP;2023;2;2022;23;;;2026;-23;;;;;2024.5;870337
-1;16400;RAINFOREST_RESIN;9996;2;9995;30;;;10002;-3;10004;-2;10005;-30;9999.0;880338
-1;16400;KELP;2023;2;2022;30;;;2026;-32;;;;;2024.5;880338
-1;16500;RAINFOREST_RESIN;9996;2;9995;21;;;10002;-7;10004;-2;10005;-21;9999.0;890339
-1;16500;KELP;2023;2;2022;21;;;2026;-23;;;;;2024.5;890339
-1;16600;RAINFOREST_RESIN;9998;4;9996;2;9995;28;10004;-2;10005;-28;;;10001.0;900340
-1;16600;KELP;2022;30;;;;;2023;-1;2026;-30;;;2022.5;900340
-1;16700;RAINFOREST_RESIN;10002;0;9995;26;;;10005;-26;;;;;10003.5;920343
-1;16700;KELP;2025;1;2022;26;;;2026;-26;;;;;2025.5;920343
-1;16800;RAINFOREST_RESIN;9995;26;;;;;10005;-26;;;;;10000.0;930344
-1;16800;KELP;2022;26;;;;;2026;-26;;;;;2024.0;930344
-1;16900;RAINFOREST_RESIN;9996;1;9995;25;;;10004;-1;10005;-25;;;10000.0;880349
-1;16900;KELP;2023;1;2022;25;;;2026;-26;;;;;2024.5;880349
-1;17000;RAINFOREST_RESIN;9998;9;9995;29;;;10005;-29;;;;;10001.5;830354
-1;17000;KELP;2023;29;;;;;2026;-29;;;;;2024.5;830354
-1;17100;RAINFOREST_RESIN;9996;2;9995;21;;;10004;-2;10005;-21;;;10000.0;780359
-1;17100;KELP;2023;23;;;;;2026;-23;;;;;2024.5;780359
-1;17200;RAINFOREST_RESIN;9998;3;9996;2;9995;22;10004;-2;10005;-22;;;10001.0;730364
-1;17200;KELP;2023;24;;;;;2026;-24;;;;;2024.5;730364
-1;17300;RAINFOREST_RESIN;9996;2;9995;23;;;10002;-9;10004;-2;10005;-23;9999.0;680369
-1;17300;KELP;2023;25;;;;;2025;-6;2026;-25;;;2024.0;680369
-1;17400;RAINFOREST_RESIN;10000;6;9998;7;9995;28;10005;-28;;;;;10002.5;630374
-1;17400;KELP;2024;6;2023;28;;;2026;-28;;;;;2025.0;630374
-1;17500;RAINFOREST_RESIN;9995;26;;;;;10005;-26;;;;;10000.0;580379
-1;17500;KELP;2023;26;;;;;2027;-26;;;;;2025.0;580379
-1;17600;RAINFOREST_RESIN;9998;6;9995;30;;;10005;-30;;;;;10001.5;530384
-1;17600;KELP;2023;30;;;;;2026;-30;;;;;2024.5;530384
-1;17700;RAINFOREST_RESIN;9996;2;9995;27;;;10004;-2;10005;-27;;;10000.0;480389
-1;17700;KELP;2025;1;2023;29;;;2026;-29;;;;;2025.5;480389
-1;17800;RAINFOREST_RESIN;9996;2;9995;24;;;10002;-5;10004;-2;10005;-24;9999.0;430394
-1;17800;KELP;2023;26;;;;;2026;-2;2027;-24;;;2024.5;430394
-1;17900;RAINFOREST_RESIN;9995;23;;;;;10005;-23;;;;;10000.0;380399
-1;17900;KELP;2023;23;;;;;2027;-23;;;;;2025.0;380399
-1;18000;RAINFOREST_RESIN;9996;2;9995;25;;;10004;-2;10005;-25;;;10000.0;330404
-1;18000;KELP;2023;27;;;;;2026;-27;;;;;2024.5;330404
-1;18100;RAINFOREST_RESIN;9995;20;;;;;10005;-20;;;;;10000.0;280409
-1;18100;KELP;2023;20;;;;;2027;-20;;;;;2025.0;280409
-1;18200;RAINFOREST_RESIN;9996;1;9995;25;;;10004;-1;10005;-25;;;10000.0;230414
-1;18200;KELP;2024;21;;;;;2027;-26;;;;;2025.5;230414
-1;18300;RAINFOREST_RESIN;9996;2;9995;23;;;10004;-2;10005;-23;;;10000.0;180419
-1;18300;KELP;2023;25;;;;;2027;-25;;;;;2025.0;180419
-1;18400;RAINFOREST_RESIN;9996;2;9995;23;;;10004;-2;10005;-23;;;10000.0;130424
-1;18400;KELP;2024;25;;;;;2026;-5;2027;-25;;;2025.0;130424
-1;18500;RAINFOREST_RESIN;9995;29;;;;;10000;-2;10005;-29;;;9997.5;80429
-1;18500;KELP;2024;29;;;;;2025;-1;2027;-29;;;2024.5;80429
-1;18600;RAINFOREST_RESIN;10002;0;9995;20;;;10005;-20;;;;;10003.5;40436
-1;18600;KELP;2024;20;;;;;2026;-5;2027;-20;;;2025.0;40436
-1;18700;RAINFOREST_RESIN;9995;22;;;;;10005;-22;;;;;10000.0;-9559
-1;18700;KELP;2024;22;;;;;2027;-22;;;;;2025.5;-9559
-1;18800;RAINFOREST_RESIN;9996;2;9995;26;;;10004;-2;10005;-26;;;10000.0;-59554
-1;18800;KELP;2024;28;;;;;2027;-28;;;;;2025.5;-59554
-1;18900;RAINFOREST_RESIN;9998;2;9995;22;;;10005;-22;;;;;10001.5;-109549
-1;18900;KELP;2024;22;;;;;2027;-22;;;;;2025.5;-109549
-1;19000;RAINFOREST_RESIN;9996;2;9995;26;;;10004;-2;10005;-26;;;10000.0;-159544
-1;19000;KELP;2024;18;;;;;2027;-28;;;;;2025.5;-159544
-1;19100;RAINFOREST_RESIN;9996;2;9995;26;;;10004;-2;10005;-26;;;10000.0;-209539
-1;19100;KELP;2024;28;;;;;2027;-28;;;;;2025.5;-209539
-1;19200;RAINFOREST_RESIN;9996;1;9995;20;;;9998;-1;10004;-1;10005;-20;9997.0;-259534
-1;19200;KELP;2024;21;;;;;2027;-21;;;;;2025.5;-259534
-1;19300;RAINFOREST_RESIN;9996;2;9995;21;;;10004;-2;10005;-21;;;10000.0;-309529
-1;19300;KELP;2024;23;;;;;2027;-23;;;;;2025.5;-309529
-1;19400;RAINFOREST_RESIN;9995;26;;;;;10005;-26;;;;;10000.0;-319528
-1;19400;KELP;2023;26;;;;;2027;-26;;;;;2025.0;-319528
-1;19500;RAINFOREST_RESIN;9995;23;;;;;10005;-23;;;;;10000.0;-329527
-1;19500;KELP;2024;23;;;;;2027;-23;;;;;2025.5;-329527
-1;19600;RAINFOREST_RESIN;9996;2;9995;27;;;10004;-2;10005;-27;;;10000.0;-339526
-1;19600;KELP;2024;2;2023;27;;;2027;-29;;;;;2025.5;-339526
-1;19700;RAINFOREST_RESIN;10002;0;9996;2;9995;30;10004;-2;10005;-30;;;10003.0;-339523
-1;19700;KELP;2024;31;;;;;2026;-7;2027;-32;;;2025.0;-339523
-1;19800;RAINFOREST_RESIN;9996;2;9995;29;;;10004;-2;10005;-29;;;10000.0;-329522
-1;19800;KELP;2024;31;;;;;2027;-31;;;;;2025.5;-329522
-1;19900;RAINFOREST_RESIN;9996;2;9995;30;;;10004;-2;10005;-30;;;10000.0;-319521
-1;19900;KELP;2024;32;;;;;2027;-32;;;;;2025.5;-319521
-1;20000;RAINFOREST_RESIN;9995;27;;;;;10002;-4;10005;-27;;;9998.5;-309520
-1;20000;KELP;2024;2;2023;27;;;2027;-27;;;;;2025.5;-309520
-1;20100;RAINFOREST_RESIN;10002;0;9996;1;9995;30;10004;-1;10005;-30;;;10003.0;-259514
-1;20100;KELP;2023;31;;;;;2025;-4;2027;-31;;;2024.0;-259514
-1;20200;RAINFOREST_RESIN;9995;29;;;;;9998;-1;10005;-29;;;9996.5;-209509
-1;20200;KELP;2023;29;;;;;2027;-29;;;;;2025.0;-209509
-1;20300;RAINFOREST_RESIN;9995;27;;;;;10005;-27;;;;;10000.0;-219508
-1;20300;KELP;2024;26;;;;;2027;-27;;;;;2025.5;-219508
-1;20400;RAINFOREST_RESIN;9996;1;9995;28;;;10000;-4;10004;-1;10005;-28;9998.0;-229507
-1;20400;KELP;2024;30;;;;;2025;-4;2027;-29;;;2024.5;-229507
-1;20500;RAINFOREST_RESIN;10000;3;9996;2;9995;30;10004;-2;10005;-30;;;10002.0;-239506
-1;20500;KELP;2025;4;2024;7;2023;30;2027;-32;;;;;2026.0;-239506
-1;20600;RAINFOREST_RESIN;9996;2;9995;26;;;10004;-2;10005;-26;;;10000.0;-249505
-1;20600;KELP;2023;28;;;;;2027;-28;;;;;2025.0;-249505
-1;20700;RAINFOREST_RESIN;10002;0;10000;6;9998;4;10005;-22;;;;;10003.5;-249502
-1;20700;KELP;2025;6;2023;22;;;2027;-22;;;;;2026.0;-249502
-1;20800;RAINFOREST_RESIN;9996;2;9995;22;;;10004;-2;10005;-22;;;10000.0;-239501
-1;20800;KELP;2024;2;2023;22;;;2027;-24;;;;;2025.5;-239501
-1;20900;RAINFOREST_RESIN;9995;23;;;;;10005;-23;;;;;10000.0;-229500
-1;20900;KELP;2026;1;2023;23;;;2027;-23;;;;;2026.5;-229500
-1;21000;RAINFOREST_RESIN;9996;2;9995;26;;;10004;-2;10005;-26;;;10000.0;-219499
-1;21000;KELP;2024;28;;;;;2027;-28;;;;;2025.5;-219499
-1;21100;RAINFOREST_RESIN;9996;2;9995;22;;;10004;-2;10005;-22;;;10000.0;-209498
-1;21100;KELP;2024;2;2023;22;;;2027;-24;;;;;2025.5;-209498
-1;21200;RAINFOREST_RESIN;9995;22;;;;;9998;-1;10005;-22;;;9996.5;-199497
-1;21200;KELP;2024;22;;;;;2027;-22;;;;;2025.5;-199497
-1;21300;RAINFOREST_RESIN;9996;1;9995;29;;;10002;-7;10004;-1;10005;-29;9999.0;-209496
-1;21300;KELP;2024;1;2023;29;;;2027;-30;;;;;2025.5;-209496
-1;21400;RAINFOREST_RESIN;9995;28;;;;;10005;-28;;;;;10000.0;-289488
-1;21400;KELP;2024;28;;;;;2027;-28;;;;;2025.5;-289488
-1;21500;RAINFOREST_RESIN;9996;1;9995;20;;;10004;-1;10005;-20;;;10000.0;-369480
-1;21500;KELP;2026;4;2024;21;;;2027;-21;;;;;2026.5;-369480
-1;21600;RAINFOREST_RESIN;10002;0;9996;2;9995;25;10004;-2;10005;-25;;;10003.0;-329448
-1;21600;KELP;2024;27;;;;;2027;-2;2028;-25;;;2025.5;-329448
-1;21700;RAINFOREST_RESIN;9998;8;9996;2;9995;29;10004;-2;10005;-29;;;10001.0;-409440
-1;21700;KELP;2024;31;;;;;2027;-31;;;;;2025.5;-409440
-1;21800;RAINFOREST_RESIN;9996;2;9995;22;;;10004;-2;10005;-22;;;10000.0;-489432
-1;21800;KELP;2024;24;;;;;2028;-24;;;;;2026.0;-489432
-1;21900;RAINFOREST_RESIN;10002;0;9996;1;9995;21;10004;-1;10005;-21;;;10003.0;-539418
-1;21900;KELP;2024;22;;;;;2028;-22;;;;;2026.0;-539418
-1;22000;RAINFOREST_RESIN;9995;21;;;;;10005;-21;;;;;10000.0;-619410
-1;22000;KELP;2024;21;;;;;2028;-21;;;;;2026.0;-619410
-1;22100;RAINFOREST_RESIN;9996;2;9995;22;;;10002;-7;10004;-2;10005;-22;9999.0;-699402
-1;22100;KELP;2024;23;;;;;2027;-24;;;;;2025.5;-699402
-1;22200;RAINFOREST_RESIN;9998;6;9996;1;9995;20;10004;-1;10005;-20;;;10001.0;-779394
-1;22200;KELP;2024;21;;;;;2027;-21;;;;;2025.5;-779394
-1;22300;RAINFOREST_RESIN;9996;1;9995;28;;;10004;-1;10005;-28;;;10000.0;-839388
-1;22300;KELP;2023;29;;;;;2026;-1;2027;-28;;;2024.5;-839388
-1;22400;RAINFOREST_RESIN;9996;2;9995;27;;;9998;-1;10004;-2;10005;-27;9997.0;-899382
-1;22400;KELP;2023;29;;;;;2026;-29;;;;;2024.5;-899382
-1;22500;RAINFOREST_RESIN;9996;2;9995;29;;;10004;-2;10005;-29;;;10000.0;-909381
-1;22500;KELP;2023;31;;;;;2026;-31;;;;;2024.5;-909381
-1;22600;RAINFOREST_RESIN;10000;6;9998;6;9996;2;10004;-2;10005;-20;;;10002.0;-919380
-1;22600;KELP;2024;6;2023;26;;;2026;-22;;;;;2025.0;-919380
-1;22700;RAINFOREST_RESIN;9996;2;9995;24;;;10004;-2;10005;-24;;;10000.0;-929379
-1;22700;KELP;2023;25;;;;;2026;-26;;;;;2024.5;-929379
-1;22800;RAINFOREST_RESIN;9996;1;9995;27;;;9998;-2;10004;-1;10005;-27;9997.0;-939378
-1;22800;KELP;2023;27;;;;;2026;-28;;;;;2024.5;-939378
-1;22900;RAINFOREST_RESIN;9996;2;9995;30;;;10002;-8;10004;-2;10005;-30;9999.0;-959376
-1;22900;KELP;2023;2;2022;30;;;2026;-32;;;;;2024.5;-959376
-1;23000;RAINFOREST_RESIN;9996;1;9995;21;;;10004;-1;10005;-21;;;10000.0;-979374
-1;23000;KELP;2022;22;;;;;2026;-22;;;;;2024.0;-979374
-1;23100;RAINFOREST_RESIN;9998;8;9995;23;;;10005;-23;;;;;10001.5;-999372
-1;23100;KELP;2023;23;;;;;2026;-23;;;;;2024.5;-999372
-1;23200;RAINFOREST_RESIN;9998;5;9996;2;9995;29;10004;-2;10005;-29;;;10001.0;-1019370
-1;23200;KELP;2023;2;2022;29;;;2024;-3;2026;-31;;;2023.5;-1019370
-1;23300;RAINFOREST_RESIN;9996;1;9995;29;;;10004;-1;10005;-29;;;10000.0;-1029369
-1;23300;KELP;2023;30;;;;;2026;-30;;;;;2024.5;-1029369
-1;23400;RAINFOREST_RESIN;9996;1;9995;29;;;10004;-1;10005;-29;;;10000.0;-1039368
-1;23400;KELP;2023;30;;;;;2026;-30;;;;;2024.5;-1039368
-1;23500;RAINFOREST_RESIN;9998;8;9996;2;9995;28;10004;-2;10005;-28;;;10001.0;-1049367
-1;23500;KELP;2023;29;;;;;2025;-4;2026;-30;;;2024.0;-1049367
-1;23600;RAINFOREST_RESIN;9995;27;;;;;10005;-27;;;;;10000.0;-1059366
-1;23600;KELP;2022;27;;;;;2026;-27;;;;;2024.0;-1059366
-1;23700;RAINFOREST_RESIN;10002;0;9996;2;9995;21;10004;-2;10005;-21;;;10003.0;-1059363
-1;23700;KELP;2023;2;2022;21;;;2025;-7;2026;-23;;;2024.0;-1059363
-1;23800;RAINFOREST_RESIN;9995;30;;;;;10005;-30;;;;;10000.0;-1049362
-1;23800;KELP;2024;1;2022;30;;;2026;-30;;;;;2025.0;-1049362
-1;23900;RAINFOREST_RESIN;9995;30;;;;;10005;-30;;;;;10000.0;-1039361
-1;23900;KELP;2025;1;2023;1;2022;30;2026;-30;;;;;2025.5;-1039361
-1;24000;RAINFOREST_RESIN;9998;9;9995;29;;;10005;-29;;;;;10001.5;-1029360
-1;24000;KELP;2022;29;;;;;2026;-29;;;;;2024.0;-1029360
-1;24100;RAINFOREST_RESIN;9996;1;9995;25;;;10004;-1;10005;-25;;;10000.0;-1019359
-1;24100;KELP;2023;1;2022;25;;;2025;-3;2026;-26;;;2024.0;-1019359
-1;24200;RAINFOREST_RESIN;9996;2;9995;28;;;10002;-6;10004;-2;10005;-28;9999.0;-1099351
-1;24200;KELP;2023;30;;;;;2026;-30;;;;;2024.5;-1099351
-1;24300;RAINFOREST_RESIN;9996;2;9995;24;;;10002;-1;10004;-2;10005;-24;9999.0;-1179343
-1;24300;KELP;2023;26;;;;;2026;-26;;;;;2024.5;-1179343
-1;24400;RAINFOREST_RESIN;10002;0;9998;4;9996;1;10004;-1;10005;-21;;;10003.0;-1249333
-1;24400;KELP;2025;1;2023;22;;;2026;-22;;;;;2025.5;-1249333
-1;24500;RAINFOREST_RESIN;10002;0;9996;1;9995;25;10004;-1;10005;-25;;;10003.0;-1319323
-1;24500;KELP;2022;26;;;;;2026;-26;;;;;2024.0;-1319323
-1;24600;RAINFOREST_RESIN;9995;24;;;;;9998;-2;10005;-24;;;9996.5;-1309322
-1;24600;KELP;2022;24;;;;;2024;-2;2026;-24;;;2023.0;-1309322
-1;24700;RAINFOREST_RESIN;9995;25;;;;;10005;-25;;;;;10000.0;-1329320
-1;24700;KELP;2023;25;;;;;2026;-25;;;;;2024.5;-1329320
-1;24800;RAINFOREST_RESIN;9995;23;;;;;10005;-23;;;;;10000.0;-1349318
-1;24800;KELP;2022;23;;;;;2026;-23;;;;;2024.0;-1349318
-1;24900;RAINFOREST_RESIN;10002;0;9996;1;9995;22;10004;-1;10005;-22;;;10003.0;-1359314
-1;24900;KELP;2024;4;2022;23;;;2026;-23;;;;;2025.0;-1359314
-1;25000;RAINFOREST_RESIN;9995;23;;;;;10005;-23;;;;;10000.0;-1379312
-1;25000;KELP;2023;23;;;;;2026;-23;;;;;2024.5;-1379312
-1;25100;RAINFOREST_RESIN;10002;0;9995;25;;;10005;-25;;;;;10003.5;-1389308
-1;25100;KELP;2022;25;;;;;2024;-4;2026;-25;;;2023.0;-1389308
-1;25200;RAINFOREST_RESIN;9996;1;9995;24;;;9998;-5;10004;-1;10005;-24;9997.0;-1409304
-1;25200;KELP;2023;1;2022;24;;;2025;-3;2026;-25;;;2024.0;-1409304
-1;25300;RAINFOREST_RESIN;9996;2;9995;22;;;10004;-2;10005;-22;;;10000.0;-1479295
-1;25300;KELP;2023;4;2022;22;;;2026;-24;;;;;2024.5;-1479295
-1;25400;RAINFOREST_RESIN;9996;1;9995;29;;;10004;-1;10005;-29;;;10000.0;-1549286
-1;25400;KELP;2025;8;2023;30;;;2026;-30;;;;;2025.5;-1549286
-1;25500;RAINFOREST_RESIN;9996;1;9995;20;;;9998;-6;10002;-9;10004;-1;9997.0;-1619277
-1;25500;KELP;2022;21;;;;;2025;-21;;;;;2023.5;-1619277
-1;25600;RAINFOREST_RESIN;9996;1;9995;22;;;10002;-7;10004;-1;10005;-22;9999.0;-1689268
-1;25600;KELP;2023;31;;;;;2026;-23;;;;;2024.5;-1689268
-1;25700;RAINFOREST_RESIN;9996;2;9995;30;;;10004;-2;10005;-30;;;10000.0;-1759259
-1;25700;KELP;2023;32;;;;;2025;-6;2026;-32;;;2024.0;-1759259
-1;25800;RAINFOREST_RESIN;10002;0;9995;24;;;10005;-24;;;;;10003.5;-1699249
-1;25800;KELP;2023;23;;;;;2026;-24;;;;;2024.5;-1699249
-1;25900;RAINFOREST_RESIN;9996;2;9995;23;;;10004;-2;10005;-23;;;10000.0;-1679247
-1;25900;KELP;2023;25;;;;;2026;-25;;;;;2024.5;-1679247
-1;26000;RAINFOREST_RESIN;9996;2;9995;27;;;10004;-2;10005;-27;;;10000.0;-1659245
-1;26000;KELP;2023;22;;;;;2026;-29;;;;;2024.5;-1659245
-1;26100;RAINFOREST_RESIN;9998;7;9995;20;;;10005;-20;;;;;10001.5;-1639243
-1;26100;KELP;2023;20;;;;;2026;-20;;;;;2024.5;-1639243
-1;26200;RAINFOREST_RESIN;9996;1;9995;22;;;10004;-1;10005;-22;;;10000.0;-1619241
-1;26200;KELP;2023;23;;;;;2026;-23;;;;;2024.5;-1619241
-1;26300;RAINFOREST_RESIN;9996;1;9995;29;;;9998;-1;10004;-1;10005;-29;9997.0;-1599239
-1;26300;KELP;2023;30;;;;;2026;-30;;;;;2024.5;-1599239
-1;26400;RAINFOREST_RESIN;9995;22;;;;;10005;-22;;;;;10000.0;-1609238
-1;26400;KELP;2023;27;;;;;2026;-22;;;;;2024.5;-1609238
-1;26500;RAINFOREST_RESIN;9996;1;9995;23;;;10004;-1;10005;-23;;;10000.0;-1619237
-1;26500;KELP;2023;24;;;;;2026;-24;;;;;2024.5;-1619237
-1;26600;RAINFOREST_RESIN;9996;2;9995;28;;;9998;-1;10004;-2;10005;-28;9997.0;-1629236
-1;26600;KELP;2023;36;;;;;2026;-30;;;;;2024.5;-1629236
-1;26700;RAINFOREST_RESIN;9998;2;9996;1;9995;23;10004;-1;10005;-23;;;10001.0;-1639235
-1;26700;KELP;2023;24;;;;;2025;-6;2026;-24;;;2024.0;-1639235
-1;26800;RAINFOREST_RESIN;9996;2;9995;28;;;10004;-2;10005;-28;;;10000.0;-1649234
-1;26800;KELP;2025;1;2023;30;;;2026;-30;;;;;2025.5;-1649234
-1;26900;RAINFOREST_RESIN;10002;0;9995;30;;;10005;-30;;;;;10003.5;-1649231
-1;26900;KELP;2023;29;;;;;2026;-30;;;;;2024.5;-1649231
-1;27000;RAINFOREST_RESIN;9995;28;;;;;10002;-1;10005;-28;;;9998.5;-1659230
-1;27000;KELP;2023;30;;;;;2026;-28;;;;;2024.5;-1659230
-1;27100;RAINFOREST_RESIN;9995;24;;;;;10005;-24;;;;;10000.0;-1669229
-1;27100;KELP;2023;27;;;;;2026;-24;;;;;2024.5;-1669229
-1;27200;RAINFOREST_RESIN;9998;2;9995;21;;;10005;-21;;;;;10001.5;-1679228
-1;27200;KELP;2023;21;;;;;2025;-2;2026;-21;;;2024.0;-1679228
-1;27300;RAINFOREST_RESIN;9996;2;9995;29;;;10004;-2;10005;-29;;;10000.0;-1689227
-1;27300;KELP;2025;1;2023;31;;;2026;-31;;;;;2025.5;-1689227
-1;27400;RAINFOREST_RESIN;9995;21;;;;;10005;-21;;;;;10000.0;-1699226
-1;27400;KELP;2023;21;;;;;2026;-21;;;;;2024.5;-1699226
-1;27500;RAINFOREST_RESIN;9996;1;9995;22;;;10004;-1;10005;-22;;;10000.0;-1709225
-1;27500;KELP;2023;23;;;;;2025;-6;2026;-23;;;2024.0;-1709225
-1;27600;RAINFOREST_RESIN;9998;5;9995;24;;;10005;-24;;;;;10001.5;-1749221
-1;27600;KELP;2023;30;;;;;2026;-24;;;;;2024.5;-1749221
-1;27700;RAINFOREST_RESIN;9995;24;;;;;10005;-24;;;;;10000.0;-1789217
-1;27700;KELP;2023;19;;;;;2026;-24;;;;;2024.5;-1789217
-1;27800;RAINFOREST_RESIN;9998;9;9996;2;9995;26;10004;-2;10005;-26;;;10001.0;-1829213
-1;27800;KELP;2023;28;;;;;2025;-3;2026;-28;;;2024.0;-1829213
-1;27900;RAINFOREST_RESIN;9996;2;9995;27;;;10002;-4;10004;-2;10005;-27;9999.0;-1869209
-1;27900;KELP;2025;1;2023;29;;;2026;-29;;;;;2025.5;-1869209
-1;28000;RAINFOREST_RESIN;9998;2;9995;28;;;10005;-28;;;;;10001.5;-1909205
-1;28000;KELP;2023;28;;;;;2026;-28;;;;;2024.5;-1909205
-1;28100;RAINFOREST_RESIN;9996;2;9995;24;;;10004;-2;10005;-24;;;10000.0;-1949201
-1;28100;KELP;2023;26;;;;;2026;-26;;;;;2024.5;-1949201
-1;28200;RAINFOREST_RESIN;9996;1;9995;25;;;9998;-2;10004;-1;10005;-25;9997.0;-1989197
-1;28200;KELP;2023;26;;;;;2025;-5;2026;-1;2027;-25;2024.0;-1989197
-1;28300;RAINFOREST_RESIN;9996;1;9995;23;;;10004;-1;10005;-23;;;10000.0;-2009195
-1;28300;KELP;2023;24;;;;;2024;-2;2027;-24;;;2023.5;-2009195
-1;28400;RAINFOREST_RESIN;9996;2;9995;23;;;10004;-2;10005;-23;;;10000.0;-2029193
-1;28400;KELP;2023;24;;;;;2027;-25;;;;;2025.0;-2029193
-1;28500;RAINFOREST_RESIN;9998;10;9995;23;;;10005;-23;;;;;10001.5;-2049191
-1;28500;KELP;2023;23;;;;;2027;-23;;;;;2025.0;-2049191
-1;28600;RAINFOREST_RESIN;10002;0;9996;2;9995;21;10004;-2;10005;-21;;;10003.0;-2059187
-1;28600;KELP;2023;23;;;;;2025;-8;2027;-23;;;2024.0;-2059187
-1;28700;RAINFOREST_RESIN;9995;30;;;;;10005;-30;;;;;10000.0;-2079185
-1;28700;KELP;2023;30;;;;;2027;-30;;;;;2025.0;-2079185
-1;28800;RAINFOREST_RESIN;9995;27;;;;;10005;-27;;;;;10000.0;-2099183
-1;28800;KELP;2024;27;;;;;2027;-27;;;;;2025.5;-2099183
-1;28900;RAINFOREST_RESIN;9998;7;9996;1;9995;21;10004;-1;10005;-21;;;10001.0;-2119181
-1;28900;KELP;2024;26;;;;;2027;-22;;;;;2025.5;-2119181
-1;29000;RAINFOREST_RESIN;9995;24;;;;;10005;-24;;;;;10000.0;-2139179
-1;29000;KELP;2024;23;;;;;2027;-24;;;;;2025.5;-2139179
-1;29100;RAINFOREST_RESIN;9996;2;9995;26;;;10004;-2;10005;-26;;;10000.0;-2059171
-1;29100;KELP;2024;31;;;;;2027;-28;;;;;2025.5;-2059171
-1;29200;RAINFOREST_RESIN;9996;1;9995;30;;;10004;-1;10005;-30;;;10000.0;-1979163
-1;29200;KELP;2026;1;2024;31;;;2027;-31;;;;;2026.5;-1979163
-1;29300;RAINFOREST_RESIN;9996;2;9995;30;;;10002;-3;10004;-2;10005;-30;9999.0;-1899155
-1;29300;KELP;2024;32;;;;;2026;-2;2027;-32;;;2025.0;-1899155
-1;29400;RAINFOREST_RESIN;10002;0;9996;1;9995;25;10004;-1;10005;-25;;;10003.0;-1879152
-1;29400;KELP;2024;25;;;;;2027;-26;;;;;2025.5;-1879152
-1;29500;RAINFOREST_RESIN;9996;2;9995;27;;;10004;-2;10005;-27;;;10000.0;-1869151
-1;29500;KELP;2024;31;;;;;2027;-29;;;;;2025.5;-1869151
-1;29600;RAINFOREST_RESIN;9996;2;9995;28;;;10004;-2;10005;-28;;;10000.0;-1859150
-1;29600;KELP;2024;2;2023;28;;;2025;-3;2027;-30;;;2024.5;-1859150
-1;29700;RAINFOREST_RESIN;9996;1;9995;25;;;10002;-4;10004;-1;10005;-25;9999.0;-1849149
-1;29700;KELP;2024;28;;;;;2027;-26;;;;;2025.5;-1849149
-1;29800;RAINFOREST_RESIN;9998;6;9996;1;9995;30;10004;-1;10005;-30;;;10001.0;-1839148
-1;29800;KELP;2024;31;;;;;2026;-1;2027;-1;2028;-30;2025.0;-1839148
-1;29900;RAINFOREST_RESIN;9995;21;;;;;10005;-21;;;;;10000.0;-1829147
-1;29900;KELP;2025;8;2024;21;;;2028;-21;;;;;2026.5;-1829147
-1;30000;RAINFOREST_RESIN;9998;3;9996;1;9995;30;10004;-1;10005;-30;;;10001.0;-1839146
-1;30000;KELP;2024;31;;;;;2028;-31;;;;;2026.0;-1839146
-1;30100;RAINFOREST_RESIN;9996;2;9995;28;;;10004;-2;10005;-28;;;10000.0;-1879142
-1;30100;KELP;2024;30;;;;;2027;-30;;;;;2025.5;-1879142
-1;30200;RAINFOREST_RESIN;9996;2;9995;20;;;10004;-2;10005;-20;;;10000.0;-1919138
-1;30200;KELP;2024;22;;;;;2027;-22;;;;;2025.5;-1919138
-1;30300;RAINFOREST_RESIN;9996;2;9995;29;;;10002;-9;10004;-2;10005;-29;9999.0;-1959134
-1;30300;KELP;2026;1;2024;31;;;2027;-31;;;;;2026.5;-1959134
-1;30400;RAINFOREST_RESIN;10000;5;9996;2;9995;29;10002;-8;10004;-2;10005;-29;10001.0;-1999130
-1;30400;KELP;2025;5;2024;31;;;2027;-31;;;;;2026.0;-1999130
-1;30500;RAINFOREST_RESIN;9998;5;9996;2;9995;20;10004;-2;10005;-20;;;10001.0;-2039126
-1;30500;KELP;2024;22;;;;;2027;-22;;;;;2025.5;-2039126
-1;30600;RAINFOREST_RESIN;9996;2;9995;20;;;10002;-4;10004;-2;10005;-20;9999.0;-2079122
-1;30600;KELP;2024;1;2023;20;;;2027;-22;;;;;2025.5;-2079122
-1;30700;RAINFOREST_RESIN;9995;30;;;;;10005;-30;;;;;10000.0;-2069121
-1;30700;KELP;2024;30;;;;;2027;-30;;;;;2025.5;-2069121
-1;30800;RAINFOREST_RESIN;9996;1;9995;30;;;10004;-1;10005;-30;;;10000.0;-2059120
-1;30800;KELP;2024;4;2023;30;;;2027;-31;;;;;2025.5;-2059120
-1;30900;RAINFOREST_RESIN;9996;2;9995;28;;;10002;-6;10004;-2;10005;-28;9999.0;-2049119
-1;30900;KELP;2023;30;;;;;2025;-7;2026;-30;;;2024.0;-2049119
-1;31000;RAINFOREST_RESIN;10000;4;9996;1;9995;22;10004;-1;10005;-22;;;10002.0;-2039118
-1;31000;KELP;2024;4;2023;30;;;2026;-23;;;;;2025.0;-2039118
-1;31100;RAINFOREST_RESIN;9996;2;9995;27;;;10004;-2;10005;-27;;;10000.0;-2029117
-1;31100;KELP;2023;29;;;;;2026;-2;2027;-27;;;2024.5;-2029117
-1;31200;RAINFOREST_RESIN;9996;2;9995;29;;;10002;-6;10004;-2;10005;-29;9999.0;-2019116
-1;31200;KELP;2023;31;;;;;2026;-31;;;;;2024.5;-2019116
-1;31300;RAINFOREST_RESIN;9996;1;9995;23;;;10004;-1;10005;-23;;;10000.0;-2009115
-1;31300;KELP;2023;24;;;;;2026;-24;;;;;2024.5;-2009115
-1;31400;RAINFOREST_RESIN;9995;26;;;;;9998;-1;10005;-26;;;9996.5;-1999114
-1;31400;KELP;2023;26;;;;;2026;-26;;;;;2024.5;-1999114
-1;31500;RAINFOREST_RESIN;9995;30;;;;;10005;-30;;;;;10000.0;-1989113
-1;31500;KELP;2023;35;;;;;2026;-30;;;;;2024.5;-1989113
-1;31600;RAINFOREST_RESIN;9995;27;;;;;10005;-27;;;;;10000.0;-1979112
-1;31600;KELP;2025;1;2023;27;;;2026;-27;;;;;2025.5;-1979112
-1;31700;RAINFOREST_RESIN;9996;2;9995;22;;;10004;-2;10005;-22;;;10000.0;-1969111
-1;31700;KELP;2023;24;;;;;2025;-3;2026;-24;;;2024.0;-1969111
-1;31800;RAINFOREST_RESIN;10000;6;9996;1;9995;25;10004;-1;10005;-25;;;10002.0;-1959110
-1;31800;KELP;2024;6;2023;26;;;2026;-1;2027;-25;;;2025.0;-1959110
-1;31900;RAINFOREST_RESIN;9998;3;9995;28;;;10005;-28;;;;;10001.5;-1949109
-1;31900;KELP;2024;4;2023;28;;;2027;-28;;;;;2025.5;-1949109
-1;32000;RAINFOREST_RESIN;9996;1;9995;24;;;10004;-1;10005;-24;;;10000.0;-1929107
-1;32000;KELP;2024;2;2023;25;;;2026;-1;2027;-24;;;2025.0;-1929107
-1;32100;RAINFOREST_RESIN;9996;1;9995;28;;;10004;-1;10005;-28;;;10000.0;-1909105
-1;32100;KELP;2023;29;;;;;2026;-29;;;;;2024.5;-1909105
-1;32200;RAINFOREST_RESIN;9996;1;9995;27;;;10004;-1;10005;-27;;;10000.0;-1889103
-1;32200;KELP;2023;28;;;;;2027;-28;;;;;2025.0;-1889103
-1;32300;RAINFOREST_RESIN;9995;25;;;;;10005;-25;;;;;10000.0;-1869101
-1;32300;KELP;2023;25;;;;;2026;-25;;;;;2024.5;-1869101
-1;32400;RAINFOREST_RESIN;9996;1;9995;30;;;10004;-1;10005;-30;;;10000.0;-1849099
-1;32400;KELP;2023;30;;;;;2026;-1;2027;-30;;;2024.5;-1849099
-1;32500;RAINFOREST_RESIN;9998;1;9996;1;9995;21;10004;-1;10005;-21;;;10001.0;-1829097
-1;32500;KELP;2023;21;;;;;2025;-5;2027;-22;;;2024.0;-1829097
-1;32600;RAINFOREST_RESIN;10002;0;9995;30;;;10005;-30;;;;;10003.5;-1799093
-1;32600;KELP;2023;30;;;;;2027;-30;;;;;2025.0;-1799093
-1;32700;RAINFOREST_RESIN;9996;2;9995;22;;;10004;-2;10005;-22;;;10000.0;-1769090
-1;32700;KELP;2023;24;;;;;2026;-2;2027;-22;;;2024.5;-1769090
-1;32800;RAINFOREST_RESIN;9996;2;9995;28;;;10004;-2;10005;-28;;;10000.0;-1739087
-1;32800;KELP;2023;30;;;;;2026;-2;2027;-28;;;2024.5;-1739087
-1;32900;RAINFOREST_RESIN;9996;2;9995;27;;;10004;-2;10005;-27;;;10000.0;-1759085
-1;32900;KELP;2023;29;;;;;2026;-2;2027;-27;;;2024.5;-1759085
-1;33000;RAINFOREST_RESIN;9996;2;9995;28;;;10004;-2;10005;-28;;;10000.0;-1699079
-1;33000;KELP;2025;1;2023;30;;;2026;-30;;;;;2025.5;-1699079
-1;33100;RAINFOREST_RESIN;9996;1;9995;28;;;10004;-1;10005;-28;;;10000.0;-1639073
-1;33100;KELP;2023;28;;;;;2025;-3;2026;-29;;;2024.0;-1639073
-1;33200;RAINFOREST_RESIN;9996;1;9995;20;;;10002;-7;10004;-1;10005;-20;9999.0;-1579067
-1;33200;KELP;2023;20;;;;;2024;-10;2026;-1;2027;-20;2023.5;-1579067
-1;33300;RAINFOREST_RESIN;9996;1;9995;20;;;10004;-1;10005;-20;;;10000.0;-1519061
-1;33300;KELP;2024;1;2023;20;;;2027;-21;;;;;2025.5;-1519061
-1;33400;RAINFOREST_RESIN;9996;2;9995;30;;;10002;-3;10004;-2;10005;-30;9999.0;-1459055
-1;33400;KELP;2023;32;;;;;2027;-32;;;;;2025.0;-1459055
-1;33500;RAINFOREST_RESIN;9996;1;9995;20;;;10004;-1;10005;-20;;;10000.0;-1399049
-1;33500;KELP;2023;21;;;;;2026;-21;;;;;2024.5;-1399049
-1;33600;RAINFOREST_RESIN;10002;0;9995;27;;;10005;-27;;;;;10003.5;-1329036
-1;33600;KELP;2023;27;;;;;2026;-27;;;;;2024.5;-1329036
-1;33700;RAINFOREST_RESIN;9996;1;9995;27;;;10002;-1;10004;-1;10005;-27;9999.0;-1269030
-1;33700;KELP;2023;32;;;;;2026;-28;;;;;2024.5;-1269030
-1;33800;RAINFOREST_RESIN;9996;1;9995;25;;;10004;-1;10005;-25;;;10000.0;-1209024
-1;33800;KELP;2024;3;2023;31;;;2026;-26;;;;;2025.0;-1209024
-1;33900;RAINFOREST_RESIN;9995;24;;;;;10005;-24;;;;;10000.0;-1149018
-1;33900;KELP;2023;24;;;;;2026;-24;;;;;2024.5;-1149018
-1;34000;RAINFOREST_RESIN;10002;0;9995;30;;;10005;-30;;;;;10003.5;-1079010
-1;34000;KELP;2023;29;;;;;2025;-8;2026;-30;;;2024.0;-1079010
-1;34100;RAINFOREST_RESIN;9996;1;9995;22;;;10004;-1;10005;-22;;;10000.0;-1019004
-1;34100;KELP;2023;25;;;;;2026;-23;;;;;2024.5;-1019004
-1;34200;RAINFOREST_RESIN;9995;23;;;;;10005;-23;;;;;10000.0;-1049001
-1;34200;KELP;2022;23;;;;;2024;-1;2026;-23;;;2023.0;-1049001
-1;34300;RAINFOREST_RESIN;10002;0;9996;1;9995;22;10004;-1;10005;-22;;;10003.0;-1068996
-1;34300;KELP;2022;23;;;;;2026;-23;;;;;2024.0;-1068996
-1;34400;RAINFOREST_RESIN;9996;2;9995;23;;;10004;-2;10005;-23;;;10000.0;-1058995
-1;34400;KELP;2023;3;2022;25;;;2025;-2;2026;-23;;;2024.0;-1058995
-1;34500;RAINFOREST_RESIN;9995;30;;;;;10005;-30;;;;;10000.0;-1048994
-1;34500;KELP;2022;30;;;;;2023;-5;2024;-1;2026;-30;2022.5;-1048994
-1;34600;RAINFOREST_RESIN;9995;29;;;;;10005;-29;;;;;10000.0;-1038993
-1;34600;KELP;2022;29;;;;;2023;-1;2026;-29;;;2022.5;-1038993
-1;34700;RAINFOREST_RESIN;9998;6;9995;24;;;10005;-24;;;;;10001.5;-1028992
-1;34700;KELP;2023;24;;;;;2026;-24;;;;;2024.5;-1028992
-1;34800;RAINFOREST_RESIN;9996;2;9995;23;;;10004;-2;10005;-23;;;10000.0;-1018991
-1;34800;KELP;2023;2;2022;23;;;2026;-25;;;;;2024.5;-1018991
-1;34900;RAINFOREST_RESIN;9996;1;9995;20;;;10004;-1;10005;-20;;;10000.0;-1008990
-1;34900;KELP;2023;21;;;;;2026;-21;;;;;2024.5;-1008990
-1;35000;RAINFOREST_RESIN;10002;0;9995;20;;;10005;-20;;;;;10003.5;-988987
-1;35000;KELP;2025;1;2023;20;;;2026;-20;;;;;2025.5;-988987
-1;35100;RAINFOREST_RESIN;10002;0;9996;2;9995;29;10004;-2;10005;-29;;;10003.0;-948980
-1;35100;KELP;2023;31;;;;;2026;-31;;;;;2024.5;-948980
-1;35200;RAINFOREST_RESIN;9996;2;9995;28;;;10002;-10;10004;-2;10005;-28;9999.0;-918977
-1;35200;KELP;2023;33;;;;;2026;-30;;;;;2024.5;-918977
-1;35300;RAINFOREST_RESIN;9998;6;9996;1;9995;27;10004;-1;10005;-27;;;10001.0;-888974
-1;35300;KELP;2023;20;;;;;2026;-28;;;;;2024.5;-888974
-1;35400;RAINFOREST_RESIN;10002;0;9995;25;;;10005;-25;;;;;10003.5;-828965
-1;35400;KELP;2025;1;2023;27;;;2026;-25;;;;;2025.5;-828965
-1;35500;RAINFOREST_RESIN;9996;2;9995;26;;;10004;-2;10005;-26;;;10000.0;-798962
-1;35500;KELP;2023;28;;;;;2026;-28;;;;;2024.5;-798962
-1;35600;RAINFOREST_RESIN;9995;26;;;;;10005;-26;;;;;10000.0;-768959
-1;35600;KELP;2023;26;;;;;2026;-26;;;;;2024.5;-768959
-1;35700;RAINFOREST_RESIN;9996;2;9995;27;;;10004;-2;10005;-27;;;10000.0;-738956
-1;35700;KELP;2023;29;;;;;2026;-29;;;;;2024.5;-738956
-1;35800;RAINFOREST_RESIN;9998;7;9996;1;9995;30;10004;-1;10005;-30;;;10001.0;-708953
-1;35800;KELP;2023;29;;;;;2026;-31;;;;;2024.5;-708953
-1;35900;RAINFOREST_RESIN;9996;2;9995;21;;;10004;-2;10005;-21;;;10000.0;-678950
-1;35900;KELP;2023;2;2022;21;;;2026;-23;;;;;2024.5;-678950
-1;36000;RAINFOREST_RESIN;9995;30;;;;;10002;-5;10005;-30;;;9998.5;-648947
-1;36000;KELP;2022;30;;;;;2024;-3;2026;-30;;;2023.0;-648947
-1;36100;RAINFOREST_RESIN;10002;0;9996;2;9995;24;10004;-2;10005;-24;;;10003.0;-558930
-1;36100;KELP;2022;26;;;;;2025;-2;2026;-24;;;2023.5;-558930
-1;36200;RAINFOREST_RESIN;9996;1;9995;29;;;9998;-1;10004;-1;10005;-29;9997.0;-548929
-1;36200;KELP;2022;30;;;;;2025;-1;2026;-29;;;2023.5;-548929
-1;36300;RAINFOREST_RESIN;9996;1;9995;21;;;10004;-1;10005;-21;;;10000.0;-558928
-1;36300;KELP;2022;22;;;;;2024;-6;2025;-22;;;2023.0;-558928
-1;36400;RAINFOREST_RESIN;9998;1;9996;1;9995;20;10004;-1;10005;-20;;;10001.0;-568927
-1;36400;KELP;2024;1;2023;3;2022;21;2025;-1;2026;-20;;;2024.5;-568927
-1;36500;RAINFOREST_RESIN;9995;25;;;;;10005;-25;;;;;10000.0;-578926
-1;36500;KELP;2022;25;;;;;2023;-2;2025;-25;;;2022.5;-578926
-1;36600;RAINFOREST_RESIN;9996;1;9995;28;;;10004;-1;10005;-28;;;10000.0;-588925
-1;36600;KELP;2022;29;;;;;2025;-29;;;;;2023.5;-588925
-1;36700;RAINFOREST_RESIN;9995;21;;;;;10005;-21;;;;;10000.0;-598924
-1;36700;KELP;2021;21;;;;;2025;-21;;;;;2023.0;-598924
-1;36800;RAINFOREST_RESIN;9995;30;;;;;10005;-30;;;;;10000.0;-608923
-1;36800;KELP;2021;30;;;;;2025;-30;;;;;2023.0;-608923
-1;36900;RAINFOREST_RESIN;9996;1;9995;26;;;10004;-1;10005;-26;;;10000.0;-618922
-1;36900;KELP;2021;27;;;;;2024;-27;;;;;2022.5;-618922
-1;37000;RAINFOREST_RESIN;9996;2;9995;23;;;10004;-2;10005;-23;;;10000.0;-628921
-1;37000;KELP;2020;25;;;;;2024;-25;;;;;2022.0;-628921
-1;37100;RAINFOREST_RESIN;9996;2;9995;21;;;10004;-2;10005;-21;;;10000.0;-638920
-1;37100;KELP;2021;27;;;;;2024;-23;;;;;2022.5;-638920
-1;37200;RAINFOREST_RESIN;9996;1;9995;20;;;10004;-1;10005;-20;;;10000.0;-648919
-1;37200;KELP;2021;25;;;;;2024;-21;;;;;2022.5;-648919
-1;37300;RAINFOREST_RESIN;9996;1;9995;27;;;9998;-10;10002;-4;10004;-1;9997.0;-658918
-1;37300;KELP;2022;4;2021;28;;;2024;-1;2025;-27;;;2023.0;-658918
-1;37400;RAINFOREST_RESIN;10002;0;9998;2;9995;30;10005;-30;;;;;10003.5;-658915
-1;37400;KELP;2021;30;;;;;2024;-30;;;;;2022.5;-658915
-1;37500;RAINFOREST_RESIN;9996;2;9995;25;;;10004;-2;10005;-25;;;10000.0;-668914
-1;37500;KELP;2020;27;;;;;2024;-27;;;;;2022.0;-668914
-1;37600;RAINFOREST_RESIN;9995;22;;;;;10002;-7;10005;-22;;;9998.5;-678913
-1;37600;KELP;2020;22;;;;;2024;-22;;;;;2022.0;-678913
-1;37700;RAINFOREST_RESIN;9996;1;9995;23;;;10004;-1;10005;-23;;;10000.0;-688912
-1;37700;KELP;2020;24;;;;;2024;-24;;;;;2022.0;-688912
-1;37800;RAINFOREST_RESIN;9995;25;;;;;10005;-25;;;;;10000.0;-698911
-1;37800;KELP;2020;24;;;;;2024;-25;;;;;2022.0;-698911
-1;37900;RAINFOREST_RESIN;9995;25;;;;;10005;-25;;;;;10000.0;-708910
-1;37900;KELP;2019;25;;;;;2023;-25;;;;;2021.0;-708910
-1;38000;RAINFOREST_RESIN;10002;0;9996;2;9995;30;10004;-2;10005;-30;;;10003.0;-708907
-1;38000;KELP;2019;32;;;;;2021;-4;2023;-32;;;2020.0;-708907
-1;38100;RAINFOREST_RESIN;9996;2;9995;26;;;10002;-2;10004;-2;10005;-26;9999.0;-718906
-1;38100;KELP;2019;28;;;;;2022;-2;2023;-26;;;2020.5;-718906
-1;38200;RAINFOREST_RESIN;9996;1;9995;27;;;10004;-1;10005;-27;;;10000.0;-728905
-1;38200;KELP;2019;28;;;;;2023;-28;;;;;2021.0;-728905
-1;38300;RAINFOREST_RESIN;9998;5;9995;26;;;10005;-26;;;;;10001.5;-738904
-1;38300;KELP;2019;26;;;;;2022;-26;;;;;2020.5;-738904
-1;38400;RAINFOREST_RESIN;9996;1;9995;23;;;10000;-6;10004;-1;10005;-23;9998.0;-748903
-1;38400;KELP;2019;24;;;;;2020;-6;2022;-24;;;2019.5;-748903
-1;38500;RAINFOREST_RESIN;10002;0;9995;21;;;10005;-21;;;;;10003.5;-748900
-1;38500;KELP;2019;21;;;;;2022;-21;;;;;2020.5;-748900
-1;38600;RAINFOREST_RESIN;9996;2;9995;28;;;10004;-2;10005;-28;;;10000.0;-738899
-1;38600;KELP;2019;30;;;;;2022;-30;;;;;2020.5;-738899
-1;38700;RAINFOREST_RESIN;9995;20;;;;;10005;-20;;;;;10000.0;-748898
-1;38700;KELP;2019;20;;;;;2022;-20;;;;;2020.5;-748898
-1;38800;RAINFOREST_RESIN;9996;1;9995;20;;;10002;-1;10004;-1;10005;-20;9999.0;-758897
-1;38800;KELP;2019;21;;;;;2020;-2;2021;-1;2022;-21;2019.5;-758897
-1;38900;RAINFOREST_RESIN;9996;2;9995;30;;;10004;-2;10005;-30;;;10000.0;-768896
-1;38900;KELP;2019;32;;;;;2021;-7;2022;-2;2023;-30;2020.0;-768896
-1;39000;RAINFOREST_RESIN;9995;23;;;;;10002;-9;10005;-23;;;9998.5;-778895
-1;39000;KELP;2019;23;;;;;2023;-23;;;;;2021.0;-778895
-1;39100;RAINFOREST_RESIN;9998;8;9996;1;9995;24;10004;-1;10005;-24;;;10001.0;-788894
-1;39100;KELP;2020;25;;;;;2023;-25;;;;;2021.5;-788894
-1;39200;RAINFOREST_RESIN;9996;1;9995;29;;;10004;-1;10005;-29;;;10000.0;-798893
-1;39200;KELP;2020;30;;;;;2022;-2;2023;-30;;;2021.0;-798893
-1;39300;RAINFOREST_RESIN;9995;27;;;;;10005;-27;;;;;10000.0;-808892
-1;39300;KELP;2020;27;;;;;2023;-27;;;;;2021.5;-808892
-1;39400;RAINFOREST_RESIN;9996;1;9995;30;;;10004;-1;10005;-30;;;10000.0;-818891
-1;39400;KELP;2020;31;;;;;2022;-5;2023;-31;;;2021.0;-818891
-1;39500;RAINFOREST_RESIN;9995;27;;;;;9998;-1;10002;-2;10005;-27;9996.5;-808890
-1;39500;KELP;2019;27;;;;;2021;-3;2022;-27;;;2020.0;-808890
-1;39600;RAINFOREST_RESIN;9995;23;;;;;10005;-23;;;;;10000.0;-818889
-1;39600;KELP;2021;4;2019;23;;;2023;-23;;;;;2022.0;-818889
-1;39700;RAINFOREST_RESIN;9996;2;9995;22;;;10004;-2;10005;-22;;;10000.0;-828888
-1;39700;KELP;2019;28;;;;;2022;-2;2023;-22;;;2020.5;-828888
-1;39800;RAINFOREST_RESIN;9996;1;9995;27;;;10004;-1;10005;-27;;;10000.0;-838887
-1;39800;KELP;2019;28;;;;;2022;-1;2023;-27;;;2020.5;-838887
-1;39900;RAINFOREST_RESIN;9996;1;9995;30;;;10002;-4;10004;-1;10005;-30;9999.0;-848886
-1;39900;KELP;2019;31;;;;;2022;-31;;;;;2020.5;-848886
-1;40000;RAINFOREST_RESIN;9995;22;;;;;10005;-22;;;;;10000.0;-858885
-1;40000;KELP;2018;22;;;;;2022;-22;;;;;2020.0;-858885
-1;40100;RAINFOREST_RESIN;9996;2;9995;29;;;10002;-8;10004;-2;10005;-29;9999.0;-868884
-1;40100;KELP;2019;31;;;;;2022;-31;;;;;2020.5;-868884
-1;40200;RAINFOREST_RESIN;9996;1;9995;28;;;10004;-1;10005;-28;;;10000.0;-878883
-1;40200;KELP;2019;1;2018;28;;;2022;-29;;;;;2020.5;-878883
-1;40300;RAINFOREST_RESIN;9995;22;;;;;9998;-1;10005;-22;;;9996.5;-888882
-1;40300;KELP;2019;22;;;;;2022;-22;;;;;2020.5;-888882
-1;40400;RAINFOREST_RESIN;9996;1;9995;23;;;10004;-1;10005;-23;;;10000.0;-898881
-1;40400;KELP;2018;24;;;;;2022;-24;;;;;2020.0;-898881
-1;40500;RAINFOREST_RESIN;10002;0;9996;2;9995;27;10004;-2;10005;-27;;;10003.0;-898878
-1;40500;KELP;2019;1;2018;27;;;2022;-29;;;;;2020.5;-898878
-1;40600;RAINFOREST_RESIN;9996;2;9995;24;;;10004;-2;10005;-24;;;10000.0;-908877
-1;40600;KELP;2019;4;2018;26;;;2022;-26;;;;;2020.5;-908877
-1;40700;RAINFOREST_RESIN;9998;7;9996;2;9995;20;10004;-2;10005;-20;;;10001.0;-918876
-1;40700;KELP;2018;22;;;;;2021;-22;;;;;2019.5;-918876
-1;40800;RAINFOREST_RESIN;9995;27;;;;;10005;-27;;;;;10000.0;-928875
-1;40800;KELP;2018;27;;;;;2021;-27;;;;;2019.5;-928875
-1;40900;RAINFOREST_RESIN;9998;10;9996;2;9995;26;10004;-2;10005;-26;;;10001.0;-938874
-1;40900;KELP;2017;28;;;;;2021;-28;;;;;2019.0;-938874
-1;41000;RAINFOREST_RESIN;9995;21;;;;;10002;-10;10005;-21;;;9998.5;-828863
-1;41000;KELP;2018;20;;;;;2020;-3;2021;-21;;;2019.0;-828863
-1;41100;RAINFOREST_RESIN;9995;27;;;;;10005;-27;;;;;10000.0;-718852
-1;41100;KELP;2018;24;;;;;2021;-27;;;;;2019.5;-718852
-1;41200;RAINFOREST_RESIN;9995;29;;;;;10005;-29;;;;;10000.0;-608841
-1;41200;KELP;2018;29;;;;;2021;-29;;;;;2019.5;-608841
-1;41300;RAINFOREST_RESIN;9998;2;9996;1;9995;24;10004;-1;10005;-24;;;10001.0;-498830
-1;41300;KELP;2017;25;;;;;2019;-4;2021;-25;;;2018.0;-498830
-1;41400;RAINFOREST_RESIN;9998;5;9996;2;9995;23;10000;-4;10004;-2;10005;-23;9999.0;-388819
-1;41400;KELP;2017;25;;;;;2018;-4;2019;-5;2020;-25;2017.5;-388819
-1;41500;RAINFOREST_RESIN;9998;8;9996;2;9995;20;10004;-2;10005;-20;;;10001.0;-278808
-1;41500;KELP;2017;22;;;;;2019;-1;2021;-22;;;2018.0;-278808
-1;41600;RAINFOREST_RESIN;9996;1;9995;22;;;10004;-1;10005;-22;;;10000.0;-168797
-1;41600;KELP;2017;23;;;;;2019;-7;2020;-1;2021;-22;2018.0;-168797
-1;41700;RAINFOREST_RESIN;10000;5;9995;21;;;10005;-21;;;;;10002.5;-58786
-1;41700;KELP;2019;4;2017;21;;;2021;-21;;;;;2020.0;-58786
-1;41800;RAINFOREST_RESIN;9996;2;9995;22;;;10004;-2;10005;-22;;;10000.0;51225
-1;41800;KELP;2018;24;;;;;2021;-24;;;;;2019.5;51225
-1;41900;RAINFOREST_RESIN;9996;1;9995;21;;;9998;-4;10004;-1;10005;-21;9997.0;161236
-1;41900;KELP;2018;22;;;;;2020;-1;2021;-22;;;2019.0;161236
-1;42000;RAINFOREST_RESIN;9996;2;9995;30;;;10004;-2;10005;-30;;;10000.0;271247
-1;42000;KELP;2018;31;;;;;2020;-5;2021;-32;;;2019.0;271247
-1;42100;RAINFOREST_RESIN;9998;8;9996;2;9995;21;10004;-2;10005;-21;;;10001.0;381258
-1;42100;KELP;2018;23;;;;;2021;-2;2022;-21;;;2019.5;381258
-1;42200;RAINFOREST_RESIN;10002;0;9995;28;;;10005;-28;;;;;10003.5;501271
-1;42200;KELP;2018;28;;;;;2022;-28;;;;;2020.0;501271
-1;42300;RAINFOREST_RESIN;9995;20;;;;;10005;-20;;;;;10000.0;611282
-1;42300;KELP;2018;20;;;;;2019;-7;2020;-2;2022;-20;2018.5;611282
-1;42400;RAINFOREST_RESIN;9996;2;9995;29;;;10004;-2;10005;-29;;;10000.0;721293
-1;42400;KELP;2019;30;;;;;2022;-31;;;;;2020.5;721293
-1;42500;RAINFOREST_RESIN;9995;24;;;;;10002;-3;10005;-24;;;9998.5;831304
-1;42500;KELP;2019;24;;;;;2022;-24;;;;;2020.5;831304
-1;42600;RAINFOREST_RESIN;9995;26;;;;;10005;-26;;;;;10000.0;871308
-1;42600;KELP;2019;26;;;;;2022;-26;;;;;2020.5;871308
-1;42700;RAINFOREST_RESIN;9995;26;;;;;10005;-26;;;;;10000.0;851310
-1;42700;KELP;2018;26;;;;;2022;-26;;;;;2020.0;851310
-1;42800;RAINFOREST_RESIN;9995;30;;;;;10005;-30;;;;;10000.0;831312
-1;42800;KELP;2019;30;;;;;2022;-30;;;;;2020.5;831312
-1;42900;RAINFOREST_RESIN;9995;25;;;;;10005;-25;;;;;10000.0;811314
-1;42900;KELP;2019;25;;;;;2022;-25;;;;;2020.5;811314
-1;43000;RAINFOREST_RESIN;9995;23;;;;;10005;-23;;;;;10000.0;831316
-1;43000;KELP;2020;2;2019;23;;;2023;-23;;;;;2021.5;831316
-1;43100;RAINFOREST_RESIN;9995;21;;;;;10005;-21;;;;;10000.0;851318
-1;43100;KELP;2020;21;;;;;2023;-21;;;;;2021.5;851318
-1;43200;RAINFOREST_RESIN;9996;1;9995;20;;;10004;-1;10005;-20;;;10000.0;871320
-1;43200;KELP;2019;21;;;;;2023;-21;;;;;2021.0;871320
-1;43300;RAINFOREST_RESIN;9996;1;9995;24;;;10004;-1;10005;-24;;;10000.0;891322
-1;43300;KELP;2019;25;;;;;2021;-2;2023;-25;;;2020.0;891322
-1;43400;RAINFOREST_RESIN;9996;2;9995;22;;;10004;-2;10005;-22;;;10000.0;911324
-1;43400;KELP;2021;4;2020;24;;;2023;-24;;;;;2022.0;911324
-1;43500;RAINFOREST_RESIN;9998;7;9995;23;;;10005;-23;;;;;10001.5;931326
-1;43500;KELP;2020;22;;;;;2022;-7;2023;-23;;;2021.0;931326
-1;43600;RAINFOREST_RESIN;9996;2;9995;21;;;10002;-9;10004;-2;10005;-21;9999.0;951328
-1;43600;KELP;2020;5;2019;21;;;2023;-23;;;;;2021.5;951328
-1;43700;RAINFOREST_RESIN;9996;1;9995;23;;;10004;-1;10005;-23;;;10000.0;971330
-1;43700;KELP;2020;24;;;;;2023;-24;;;;;2021.5;971330
-1;43800;RAINFOREST_RESIN;9996;2;9995;26;;;10004;-2;10005;-26;;;10000.0;991332
-1;43800;KELP;2020;35;;;;;2023;-28;;;;;2021.5;991332
-1;43900;RAINFOREST_RESIN;10002;0;9998;2;9996;1;10004;-1;10005;-29;;;10003.0;1051342
-1;43900;KELP;2020;36;;;;;2023;-30;;;;;2021.5;1051342
-1;44000;RAINFOREST_RESIN;9996;2;9995;20;;;10004;-2;10005;-20;;;10000.0;1091346
-1;44000;KELP;2020;22;;;;;2022;-3;2023;-22;;;2021.0;1091346
-1;44100;RAINFOREST_RESIN;9995;24;;;;;9998;-1;10002;-2;10005;-24;9996.5;1131350
-1;44100;KELP;2019;24;;;;;2023;-24;;;;;2021.0;1131350
-1;44200;RAINFOREST_RESIN;9995;21;;;;;10005;-21;;;;;10000.0;1171354
-1;44200;KELP;2019;21;;;;;2023;-21;;;;;2021.0;1171354
-1;44300;RAINFOREST_RESIN;9995;27;;;;;10005;-27;;;;;10000.0;1211358
-1;44300;KELP;2019;27;;;;;2023;-27;;;;;2021.0;1211358
-1;44400;RAINFOREST_RESIN;9998;7;9995;28;;;10005;-28;;;;;10001.5;1251362
-1;44400;KELP;2018;28;;;;;2022;-28;;;;;2020.0;1251362
-1;44500;RAINFOREST_RESIN;9995;21;;;;;10005;-21;;;;;10000.0;1291366
-1;44500;KELP;2021;1;2019;2;2018;21;2022;-21;;;;;2021.5;1291366
-1;44600;RAINFOREST_RESIN;9996;1;9995;23;;;10004;-1;10005;-23;;;10000.0;1331370
-1;44600;KELP;2019;24;;;;;2022;-24;;;;;2020.5;1331370
-1;44700;RAINFOREST_RESIN;9995;29;;;;;10002;-10;10005;-29;;;9998.5;1371374
-1;44700;KELP;2019;29;;;;;2022;-29;;;;;2020.5;1371374
-1;44800;RAINFOREST_RESIN;9995;29;;;;;9998;-1;10002;-10;10005;-29;9996.5;1411378
-1;44800;KELP;2018;29;;;;;2022;-29;;;;;2020.0;1411378
-1;44900;RAINFOREST_RESIN;9996;1;9995;25;;;10004;-1;10005;-25;;;10000.0;1401379
-1;44900;KELP;2019;1;2018;26;;;2022;-26;;;;;2020.5;1401379
-1;45000;RAINFOREST_RESIN;10002;0;9996;2;9995;24;10004;-2;10005;-24;;;10003.0;1401382
-1;45000;KELP;2018;26;;;;;2022;-26;;;;;2020.0;1401382
-1;45100;RAINFOREST_RESIN;9996;1;9995;26;;;10004;-1;10005;-26;;;10000.0;1411383
-1;45100;KELP;2019;27;;;;;2021;-5;2022;-27;;;2020.0;1411383
-1;45200;RAINFOREST_RESIN;9996;1;9995;28;;;10004;-1;10005;-28;;;10000.0;1421384
-1;45200;KELP;2019;29;;;;;2021;-6;2022;-29;;;2020.0;1421384
-1;45300;RAINFOREST_RESIN;9995;22;;;;;10005;-22;;;;;10000.0;1431385
-1;45300;KELP;2018;26;;;;;2021;-22;;;;;2019.5;1431385
-1;45400;RAINFOREST_RESIN;9996;2;9995;21;;;9998;-1;10004;-2;10005;-21;9997.0;1441386
-1;45400;KELP;2018;22;;;;;2020;-2;2021;-23;;;2019.0;1441386
-1;45500;RAINFOREST_RESIN;9996;1;9995;24;;;10000;-3;10004;-1;10005;-24;9998.0;1451387
-1;45500;KELP;2018;25;;;;;2019;-3;2021;-25;;;2018.5;1451387
-1;45600;RAINFOREST_RESIN;9995;26;;;;;10002;-5;10005;-26;;;9998.5;1461388
-1;45600;KELP;2018;33;;;;;2021;-26;;;;;2019.5;1461388
-1;45700;RAINFOREST_RESIN;9995;24;;;;;10005;-24;;;;;10000.0;1471389
-1;45700;KELP;2018;24;;;;;2021;-24;;;;;2019.5;1471389
-1;45800;RAINFOREST_RESIN;9996;1;9995;27;;;10004;-1;10005;-27;;;10000.0;1481390
-1;45800;KELP;2018;27;;;;;2021;-28;;;;;2019.5;1481390
-1;45900;RAINFOREST_RESIN;9996;1;9995;30;;;10004;-1;10005;-30;;;10000.0;1491391
-1;45900;KELP;2019;4;2018;31;;;2022;-31;;;;;2020.5;1491391
-1;46000;RAINFOREST_RESIN;9996;2;9995;24;;;10004;-2;10005;-24;;;10000.0;1511393
-1;46000;KELP;2019;2;2018;24;;;2022;-26;;;;;2020.5;1511393
-1;46100;RAINFOREST_RESIN;9998;6;9996;2;9995;23;10004;-2;10005;-23;;;10001.0;1531395
-1;46100;KELP;2019;25;;;;;2022;-25;;;;;2020.5;1531395
-1;46200;RAINFOREST_RESIN;9998;2;9996;1;9995;27;10004;-1;10005;-27;;;10001.0;1551397
-1;46200;KELP;2018;28;;;;;2021;-1;2022;-27;;;2019.5;1551397
-1;46300;RAINFOREST_RESIN;9996;2;9995;27;;;10004;-2;10005;-27;;;10000.0;1571399
-1;46300;KELP;2018;29;;;;;2021;-29;;;;;2019.5;1571399
-1;46400;RAINFOREST_RESIN;9995;22;;;;;10005;-22;;;;;10000.0;1591401
-1;46400;KELP;2018;22;;;;;2022;-22;;;;;2020.0;1591401
-1;46500;RAINFOREST_RESIN;10000;6;9996;1;9995;30;10004;-1;10005;-30;;;10002.0;1611403
-1;46500;KELP;2019;6;2018;31;;;2021;-31;;;;;2020.0;1611403
-1;46600;RAINFOREST_RESIN;9998;10;9996;1;9995;27;10004;-1;10005;-27;;;10001.0;1631405
-1;46600;KELP;2019;3;2018;28;;;2021;-1;2022;-27;;;2020.0;1631405
-1;46700;RAINFOREST_RESIN;9995;26;;;;;10005;-26;;;;;10000.0;1611407
-1;46700;KELP;2019;26;;;;;2022;-26;;;;;2020.5;1611407
-1;46800;RAINFOREST_RESIN;9996;1;9995;21;;;10004;-1;10005;-21;;;10000.0;1591409
-1;46800;KELP;2019;22;;;;;2022;-22;;;;;2020.5;1591409
-1;46900;RAINFOREST_RESIN;9996;2;9995;30;;;10004;-2;10005;-30;;;10000.0;1571411
-1;46900;KELP;2021;1;2019;32;;;2022;-32;;;;;2021.5;1571411
-1;47000;RAINFOREST_RESIN;9996;1;9995;20;;;10004;-1;10005;-20;;;10000.0;1551413
-1;47000;KELP;2019;21;;;;;2022;-21;;;;;2020.5;1551413
-1;47100;RAINFOREST_RESIN;9996;2;9995;24;;;9998;-1;10004;-2;10005;-24;9997.0;1531415
-1;47100;KELP;2019;22;;;;;2022;-26;;;;;2020.5;1531415
-1;47200;RAINFOREST_RESIN;10002;0;9996;2;9995;28;10004;-2;10005;-28;;;10003.0;1531418
-1;47200;KELP;2019;30;;;;;2022;-30;;;;;2020.5;1531418
-1;47300;RAINFOREST_RESIN;10002;0;9998;3;9995;25;10005;-25;;;;;10003.5;1531421
-1;47300;KELP;2019;25;;;;;2021;-1;2022;-25;;;2020.0;1531421
-1;47400;RAINFOREST_RESIN;9995;24;;;;;10002;-9;10005;-24;;;9998.5;1521422
-1;47400;KELP;2019;25;;;;;2022;-24;;;;;2020.5;1521422
-1;47500;RAINFOREST_RESIN;9995;30;;;;;10002;-1;10005;-30;;;9998.5;1561426
-1;47500;KELP;2019;30;;;;;2021;-6;2022;-30;;;2020.0;1561426
-1;47600;RAINFOREST_RESIN;9996;1;9995;27;;;10004;-1;10005;-27;;;10000.0;1601430
-1;47600;KELP;2019;28;;;;;2022;-28;;;;;2020.5;1601430
-1;47700;RAINFOREST_RESIN;9996;1;9995;22;;;10002;-8;10004;-1;10005;-22;9999.0;1641434
-1;47700;KELP;2019;23;;;;;2022;-23;;;;;2020.5;1641434
-1;47800;RAINFOREST_RESIN;9996;1;9995;22;;;10002;-8;10004;-1;10005;-22;9999.0;1681438
-1;47800;KELP;2019;23;;;;;2022;-1;2023;-22;;;2020.5;1681438
-1;47900;RAINFOREST_RESIN;10002;0;9995;27;;;10005;-27;;;;;10003.5;1731444
-1;47900;KELP;2019;27;;;;;2023;-27;;;;;2021.0;1731444
-1;48000;RAINFOREST_RESIN;9995;27;;;;;10005;-27;;;;;10000.0;1771448
-1;48000;KELP;2019;27;;;;;2023;-27;;;;;2021.0;1771448
-1;48100;RAINFOREST_RESIN;9995;21;;;;;10002;-9;10005;-21;;;9998.5;1811452
-1;48100;KELP;2019;22;;;;;2022;-21;;;;;2020.5;1811452
-1;48200;RAINFOREST_RESIN;9998;5;9995;25;;;10005;-25;;;;;10001.5;1791454
-1;48200;KELP;2019;25;;;;;2022;-25;;;;;2020.5;1791454
-1;48300;RAINFOREST_RESIN;9996;1;9995;28;;;9998;-1;10000;-5;10004;-1;9997.0;1771456
-1;48300;KELP;2018;29;;;;;2019;-5;2022;-29;;;2018.5;1771456
-1;48400;RAINFOREST_RESIN;9995;27;;;;;10002;-7;10005;-27;;;9998.5;1751458
-1;48400;KELP;2019;1;2018;27;;;2022;-27;;;;;2020.5;1751458
-1;48500;RAINFOREST_RESIN;9995;29;;;;;9998;-1;10005;-29;;;9996.5;1731460
-1;48500;KELP;2019;1;2018;29;;;2022;-29;;;;;2020.5;1731460
-1;48600;RAINFOREST_RESIN;9996;1;9995;28;;;10004;-1;10005;-28;;;10000.0;1711462
-1;48600;KELP;2019;1;2018;29;;;2022;-29;;;;;2020.5;1711462
-1;48700;RAINFOREST_RESIN;9996;1;9995;22;;;10004;-1;10005;-22;;;10000.0;1701463
-1;48700;KELP;2018;23;;;;;2022;-23;;;;;2020.0;1701463
-1;48800;RAINFOREST_RESIN;9996;1;9995;23;;;10004;-1;10005;-23;;;10000.0;1691464
-1;48800;KELP;2019;29;;;;;2022;-24;;;;;2020.5;1691464
-1;48900;RAINFOREST_RESIN;9995;27;;;;;10005;-27;;;;;10000.0;1681465
-1;48900;KELP;2019;34;;;;;2022;-27;;;;;2020.5;1681465
-1;49000;RAINFOREST_RESIN;9996;2;9995;30;;;10004;-2;10005;-30;;;10000.0;1671466
-1;49000;KELP;2019;39;;;;;2022;-32;;;;;2020.5;1671466
-1;49100;RAINFOREST_RESIN;9996;2;9995;30;;;10004;-2;10005;-30;;;10000.0;1661467
-1;49100;KELP;2019;40;;;;;2022;-32;;;;;2020.5;1661467
-1;49200;RAINFOREST_RESIN;9996;1;9995;20;;;10004;-1;10005;-20;;;10000.0;1651468
-1;49200;KELP;2019;21;;;;;2022;-21;;;;;2020.5;1651468
-1;49300;RAINFOREST_RESIN;9998;9;9996;1;9995;21;10004;-1;10005;-21;;;10001.0;1641469
-1;49300;KELP;2019;21;;;;;2022;-22;;;;;2020.5;1641469
-1;49400;RAINFOREST_RESIN;9995;20;;;;;10005;-20;;;;;10000.0;1631470
-1;49400;KELP;2021;9;2020;5;2019;20;2022;-20;;;;;2021.5;1631470
-1;49500;RAINFOREST_RESIN;9996;2;9995;30;;;10004;-2;10005;-30;;;10000.0;1621471
-1;49500;KELP;2019;40;;;;;2022;-32;;;;;2020.5;1621471
-1;49600;RAINFOREST_RESIN;9995;24;;;;;10005;-24;;;;;10000.0;1611472
-1;49600;KELP;2021;1;2019;24;;;2022;-24;;;;;2021.5;1611472
-1;49700;RAINFOREST_RESIN;9998;7;9996;2;9995;26;10004;-2;10005;-26;;;10001.0;1601473
-1;49700;KELP;2019;28;;;;;2022;-28;;;;;2020.5;1601473
-1;49800;RAINFOREST_RESIN;9996;2;9995;23;;;10004;-2;10005;-23;;;10000.0;1591474
-1;49800;KELP;2019;25;;;;;2020;-5;2023;-25;;;2019.5;1591474
-1;49900;RAINFOREST_RESIN;9998;3;9995;23;;;10005;-23;;;;;10001.5;1531480
-1;49900;KELP;2019;23;;;;;2023;-23;;;;;2021.0;1531480
-1;50000;RAINFOREST_RESIN;9996;1;9995;20;;;10004;-1;10005;-20;;;10000.0;1491488
-1;50000;KELP;2019;21;;;;;2022;-1;2023;-20;;;2020.5;1491488
-1;50100;RAINFOREST_RESIN;9995;24;;;;;10005;-24;;;;;10000.0;1451496
-1;50100;KELP;2019;24;;;;;2021;-2;2022;-24;;;2020.0;1451496
-1;50200;RAINFOREST_RESIN;9995;24;;;;;10005;-24;;;;;10000.0;1411504
-1;50200;KELP;2019;24;;;;;2023;-24;;;;;2021.0;1411504
-1;50300;RAINFOREST_RESIN;9995;30;;;;;10002;-10;10005;-30;;;9998.5;1371512
-1;50300;KELP;2019;30;;;;;2023;-30;;;;;2021.0;1371512
-1;50400;RAINFOREST_RESIN;9998;4;9996;1;9995;22;10000;-2;10004;-1;10005;-22;9999.0;1361513
-1;50400;KELP;2019;23;;;;;2021;-3;2023;-23;;;2020.0;1361513
-1;50500;RAINFOREST_RESIN;9996;2;9995;23;;;10004;-2;10005;-23;;;10000.0;1351514
-1;50500;KELP;2019;25;;;;;2023;-25;;;;;2021.0;1351514
-1;50600;RAINFOREST_RESIN;10002;0;9996;2;9995;21;10004;-2;10005;-21;;;10003.0;1351517
-1;50600;KELP;2019;21;;;;;2020;-6;2023;-23;;;2019.5;1351517
-1;50700;RAINFOREST_RESIN;9996;2;9995;22;;;10004;-2;10005;-22;;;10000.0;1361518
-1;50700;KELP;2020;24;;;;;2023;-24;;;;;2021.5;1361518
-1;50800;RAINFOREST_RESIN;10002;0;9996;2;9995;22;10004;-2;10005;-22;;;10003.0;1421529
-1;50800;KELP;2022;1;2020;24;;;2023;-24;;;;;2022.5;1421529
-1;50900;RAINFOREST_RESIN;9996;1;9995;27;;;10004;-1;10005;-27;;;10000.0;1431530
-1;50900;KELP;2020;28;;;;;2022;-4;2023;-28;;;2021.0;1431530
-1;51000;RAINFOREST_RESIN;9996;2;9995;26;;;10004;-2;10005;-26;;;10000.0;1441531
-1;51000;KELP;2020;28;;;;;2023;-28;;;;;2021.5;1441531
-1;51100;RAINFOREST_RESIN;9998;6;9996;1;9995;25;10004;-1;10005;-25;;;10001.0;1451532
-1;51100;KELP;2020;26;;;;;2023;-26;;;;;2021.5;1451532
-1;51200;RAINFOREST_RESIN;9996;2;9995;28;;;10004;-2;10005;-28;;;10000.0;1461533
-1;51200;KELP;2020;30;;;;;2023;-30;;;;;2021.5;1461533
-1;51300;RAINFOREST_RESIN;9996;1;9995;24;;;10004;-1;10005;-24;;;10000.0;1471534
-1;51300;KELP;2020;25;;;;;2023;-25;;;;;2021.5;1471534
-1;51400;RAINFOREST_RESIN;9995;30;;;;;10002;-3;10005;-30;;;9998.5;1481535
-1;51400;KELP;2020;30;;;;;2023;-30;;;;;2021.5;1481535
-1;51500;RAINFOREST_RESIN;9995;30;;;;;10005;-30;;;;;10000.0;1491536
-1;51500;KELP;2022;1;2020;30;;;2023;-30;;;;;2022.5;1491536
-1;51600;RAINFOREST_RESIN;10000;5;9996;2;9995;22;10002;-1;10004;-2;10005;-22;10001.0;1501537
-1;51600;KELP;2021;5;2020;24;;;2023;-24;;;;;2022.0;1501537
-1;51700;RAINFOREST_RESIN;9995;20;;;;;10005;-20;;;;;10000.0;1521539
-1;51700;KELP;2020;16;;;;;2023;-20;;;;;2021.5;1521539
-1;51800;RAINFOREST_RESIN;9996;1;9995;24;;;10004;-1;10005;-24;;;10000.0;1411550
-1;51800;KELP;2020;1;2019;24;;;2023;-25;;;;;2021.5;1411550
-1;51900;RAINFOREST_RESIN;9996;1;9995;23;;;10004;-1;10005;-23;;;10000.0;1301561
-1;51900;KELP;2021;4;2019;24;;;2023;-24;;;;;2022.0;1301561
-1;52000;RAINFOREST_RESIN;9998;3;9995;29;;;10005;-29;;;;;10001.5;1291562
-1;52000;KELP;2019;29;;;;;2021;-6;2023;-29;;;2020.0;1291562
-1;52100;RAINFOREST_RESIN;9995;21;;;;;10005;-21;;;;;10000.0;1281563
-1;52100;KELP;2019;21;;;;;2023;-21;;;;;2021.0;1281563
-1;52200;RAINFOREST_RESIN;9996;2;9995;29;;;10004;-2;10005;-29;;;10000.0;1201571
-1;52200;KELP;2019;31;;;;;2023;-31;;;;;2021.0;1201571
-1;52300;RAINFOREST_RESIN;10002;0;9996;1;9995;27;10004;-1;10005;-27;;;10003.0;1131581
-1;52300;KELP;2022;1;2019;28;;;2023;-28;;;;;2022.5;1131581
-1;52400;RAINFOREST_RESIN;9998;3;9996;1;9995;29;10004;-1;10005;-29;;;10001.0;1141582
-1;52400;KELP;2020;30;;;;;2023;-30;;;;;2021.5;1141582
-1;52500;RAINFOREST_RESIN;9996;1;9995;27;;;9998;-1;10004;-1;10005;-27;9997.0;1151583
-1;52500;KELP;2022;1;2020;28;;;2023;-28;;;;;2022.5;1151583
-1;52600;RAINFOREST_RESIN;9998;1;9996;1;9995;22;10000;-4;10004;-1;10005;-22;9999.0;1161584
-1;52600;KELP;2020;1;2019;22;;;2021;-4;2023;-23;;;2020.5;1161584
-1;52700;RAINFOREST_RESIN;9996;2;9995;25;;;10004;-2;10005;-25;;;10000.0;1171585
-1;52700;KELP;2019;26;;;;;2023;-27;;;;;2021.0;1171585
-1;52800;RAINFOREST_RESIN;9995;26;;;;;10005;-26;;;;;10000.0;1181586
-1;52800;KELP;2019;26;;;;;2023;-26;;;;;2021.0;1181586
-1;52900;RAINFOREST_RESIN;9995;30;;;;;10005;-30;;;;;10000.0;1191587
-1;52900;KELP;2020;30;;;;;2023;-30;;;;;2021.5;1191587
-1;53000;RAINFOREST_RESIN;10002;0;9996;1;9995;20;10004;-1;10005;-20;;;10003.0;1261595
-1;53000;KELP;2020;21;;;;;2023;-21;;;;;2021.5;1261595
-1;53100;RAINFOREST_RESIN;9995;24;;;;;10005;-24;;;;;10000.0;1321601
-1;53100;KELP;2019;24;;;;;2023;-24;;;;;2021.0;1321601
-1;53200;RAINFOREST_RESIN;9996;1;9995;30;;;10004;-1;10005;-30;;;10000.0;1381607
-1;53200;KELP;2022;1;2019;31;;;2023;-31;;;;;2022.5;1381607
-1;53300;RAINFOREST_RESIN;9995;29;;;;;10005;-29;;;;;10000.0;1441613
-1;53300;KELP;2020;29;;;;;2023;-29;;;;;2021.5;1441613
-1;53400;RAINFOREST_RESIN;9998;6;9996;2;9995;23;10004;-2;10005;-23;;;10001.0;1501619
-1;53400;KELP;2020;25;;;;;2023;-25;;;;;2021.5;1501619
-1;53500;RAINFOREST_RESIN;9996;2;9995;21;;;10002;-1;10004;-2;10005;-21;9999.0;1561625
-1;53500;KELP;2020;23;;;;;2023;-23;;;;;2021.5;1561625
-1;53600;RAINFOREST_RESIN;9995;24;;;;;9998;-9;10005;-24;;;9996.5;1621631
-1;53600;KELP;2020;24;;;;;2023;-24;;;;;2021.5;1621631
-1;53700;RAINFOREST_RESIN;9998;1;9995;30;;;10005;-30;;;;;10001.5;1681637
-1;53700;KELP;2019;30;;;;;2023;-30;;;;;2021.0;1681637
-1;53800;RAINFOREST_RESIN;10002;0;9995;30;;;10005;-30;;;;;10003.5;1771649
-1;53800;KELP;2019;30;;;;;2023;-30;;;;;2021.0;1771649
-1;53900;RAINFOREST_RESIN;9996;2;9995;25;;;10004;-2;10005;-25;;;10000.0;1831655
-1;53900;KELP;2019;27;;;;;2023;-27;;;;;2021.0;1831655
-1;54000;RAINFOREST_RESIN;9998;6;9996;1;9995;30;10004;-1;10005;-30;;;10001.0;1851657
-1;54000;KELP;2020;31;;;;;2022;-1;2023;-31;;;2021.0;1851657
-1;54100;RAINFOREST_RESIN;9998;2;9996;2;9995;22;10004;-2;10005;-22;;;10001.0;1871659
-1;54100;KELP;2020;24;;;;;2022;-2;2023;-24;;;2021.0;1871659
-1;54200;RAINFOREST_RESIN;9995;28;;;;;10005;-28;;;;;10000.0;1861660
-1;54200;KELP;2020;28;;;;;2023;-28;;;;;2021.5;1861660
-1;54300;RAINFOREST_RESIN;9996;2;9995;23;;;10004;-2;10005;-23;;;10000.0;1851661
-1;54300;KELP;2022;1;2019;25;;;2023;-25;;;;;2022.5;1851661
-1;54400;RAINFOREST_RESIN;9995;29;;;;;10005;-29;;;;;10000.0;1881664
-1;54400;KELP;2019;29;;;;;2022;-29;;;;;2020.5;1881664
-1;54500;RAINFOREST_RESIN;9996;1;9995;20;;;10004;-1;10005;-20;;;10000.0;1911667
-1;54500;KELP;2019;21;;;;;2022;-21;;;;;2020.5;1911667
-1;54600;RAINFOREST_RESIN;10002;0;9995;27;;;10005;-27;;;;;10003.5;1971676
-1;54600;KELP;2019;27;;;;;2023;-27;;;;;2021.0;1971676
-1;54700;RAINFOREST_RESIN;9996;2;9995;27;;;10004;-2;10005;-27;;;10000.0;2001679
-1;54700;KELP;2019;29;;;;;2020;-4;2022;-29;;;2019.5;2001679
-1;54800;RAINFOREST_RESIN;9998;8;9995;27;;;10005;-27;;;;;10001.5;2031682
-1;54800;KELP;2019;27;;;;;2021;-1;2022;-27;;;2020.0;2031682
-1;54900;RAINFOREST_RESIN;9996;1;9995;28;;;10002;-3;10004;-1;10005;-28;9999.0;2061685
-1;54900;KELP;2019;29;;;;;2022;-29;;;;;2020.5;2061685
-1;55000;RAINFOREST_RESIN;9996;2;9995;28;;;10002;-8;10004;-2;10005;-28;9999.0;2091688
-1;55000;KELP;2019;36;;;;;2022;-30;;;;;2020.5;2091688
-1;55100;RAINFOREST_RESIN;9995;29;;;;;10005;-29;;;;;10000.0;2121691
-1;55100;KELP;2019;37;;;;;2022;-29;;;;;2020.5;2121691
-1;55200;RAINFOREST_RESIN;9996;2;9995;21;;;10004;-2;10005;-21;;;10000.0;2141693
-1;55200;KELP;2018;21;;;;;2019;-3;2020;-8;2022;-23;2018.5;2141693
-1;55300;RAINFOREST_RESIN;9996;2;9995;27;;;9998;-1;10002;-2;10004;-2;9997.0;2161695
-1;55300;KELP;2018;29;;;;;2022;-29;;;;;2020.0;2161695
-1;55400;RAINFOREST_RESIN;9998;3;9996;1;9995;21;10004;-1;10005;-21;;;10001.0;2181697
-1;55400;KELP;2019;2;2018;22;;;2022;-22;;;;;2020.5;2181697
-1;55500;RAINFOREST_RESIN;9995;25;;;;;10002;-9;10005;-25;;;9998.5;2201699
-1;55500;KELP;2021;1;2019;4;2018;25;2022;-25;;;;;2021.5;2201699
-1;55600;RAINFOREST_RESIN;9995;26;;;;;10005;-26;;;;;10000.0;2221701
-1;55600;KELP;2019;3;2018;26;;;2022;-26;;;;;2020.5;2221701
-1;55700;RAINFOREST_RESIN;9996;2;9995;21;;;10004;-2;10005;-21;;;10000.0;2241703
-1;55700;KELP;2019;25;;;;;2022;-23;;;;;2020.5;2241703
-1;55800;RAINFOREST_RESIN;9998;6;9996;1;9995;26;10004;-1;10005;-26;;;10001.0;2231704
-1;55800;KELP;2018;27;;;;;2022;-27;;;;;2020.0;2231704
-1;55900;RAINFOREST_RESIN;9995;22;;;;;10005;-22;;;;;10000.0;2221705
-1;55900;KELP;2018;22;;;;;2022;-22;;;;;2020.0;2221705
-1;56000;RAINFOREST_RESIN;9996;2;9995;22;;;10002;-10;10004;-2;10005;-22;9999.0;2211706
-1;56000;KELP;2018;24;;;;;2019;-3;2021;-2;2022;-22;2018.5;2211706
-1;56100;RAINFOREST_RESIN;9996;2;9995;20;;;10004;-2;10005;-20;;;10000.0;2201707
-1;56100;KELP;2019;22;;;;;2022;-22;;;;;2020.5;2201707
-1;56200;RAINFOREST_RESIN;9996;1;9995;29;;;10004;-1;10005;-29;;;10000.0;2191708
-1;56200;KELP;2020;2;2018;30;;;2022;-30;;;;;2021.0;2191708
-1;56300;RAINFOREST_RESIN;10002;0;9996;2;9995;25;10004;-2;10005;-25;;;10003.0;2191711
-1;56300;KELP;2019;6;2018;27;;;2022;-27;;;;;2020.5;2191711
-1;56400;RAINFOREST_RESIN;9996;1;9995;30;;;10004;-1;10005;-30;;;10000.0;2181712
-1;56400;KELP;2018;31;;;;;2022;-31;;;;;2020.0;2181712
-1;56500;RAINFOREST_RESIN;9996;2;9995;27;;;10004;-2;10005;-27;;;10000.0;2171713
-1;56500;KELP;2018;29;;;;;2022;-29;;;;;2020.0;2171713
-1;56600;RAINFOREST_RESIN;9996;2;9995;29;;;10002;-4;10004;-2;10005;-29;9999.0;2161714
-1;56600;KELP;2019;2;2018;29;;;2022;-31;;;;;2020.5;2161714
-1;56700;RAINFOREST_RESIN;9998;3;9996;2;9995;24;10000;-2;10004;-2;10005;-24;9999.0;2151715
-1;56700;KELP;2020;6;2018;26;;;2022;-26;;;;;2021.0;2151715
-1;56800;RAINFOREST_RESIN;10002;0;9998;10;9996;2;10004;-2;10005;-22;;;10003.0;2151718
-1;56800;KELP;2018;24;;;;;2021;-2;2022;-22;;;2019.5;2151718
-1;56900;RAINFOREST_RESIN;9996;2;9995;20;;;10004;-2;10005;-20;;;10000.0;2141719
-1;56900;KELP;2018;24;;;;;2021;-22;;;;;2019.5;2141719
-1;57000;RAINFOREST_RESIN;9996;1;9995;27;;;10004;-1;10005;-27;;;10000.0;2131720
-1;57000;KELP;2018;28;;;;;2020;-8;2021;-28;;;2019.0;2131720
-1;57100;RAINFOREST_RESIN;9996;2;9995;25;;;10004;-2;10005;-25;;;10000.0;2121721
-1;57100;KELP;2017;27;;;;;2020;-27;;;;;2018.5;2121721
-1;57200;RAINFOREST_RESIN;10002;0;9996;1;9995;26;10004;-1;10005;-26;;;10003.0;2131726
-1;57200;KELP;2019;1;2017;27;;;2020;-27;;;;;2019.5;2131726
-1;57300;RAINFOREST_RESIN;9996;1;9995;26;;;10002;-9;10004;-1;10005;-26;9999.0;2151728
-1;57300;KELP;2017;27;;;;;2020;-27;;;;;2018.5;2151728
-1;57400;RAINFOREST_RESIN;9995;24;;;;;10005;-24;;;;;10000.0;2171730
-1;57400;KELP;2017;24;;;;;2019;-2;2020;-24;;;2018.0;2171730
-1;57500;RAINFOREST_RESIN;9998;5;9996;2;9995;23;10004;-2;10005;-23;;;10001.0;2191732
-1;57500;KELP;2019;5;2017;30;;;2020;-25;;;;;2019.5;2191732
-1;57600;RAINFOREST_RESIN;9995;24;;;;;10005;-24;;;;;10000.0;2211734
-1;57600;KELP;2017;24;;;;;2020;-24;;;;;2018.5;2211734
-1;57700;RAINFOREST_RESIN;9995;29;;;;;10005;-29;;;;;10000.0;2231736
-1;57700;KELP;2017;29;;;;;2020;-29;;;;;2018.5;2231736
-1;57800;RAINFOREST_RESIN;9998;1;9996;2;9995;29;10004;-2;10005;-29;;;10001.0;2221737
-1;57800;KELP;2017;31;;;;;2020;-2;2021;-29;;;2018.5;2221737
-1;57900;RAINFOREST_RESIN;9996;2;9995;25;;;9998;-1;10000;-6;10004;-2;9997.0;2211738
-1;57900;KELP;2017;27;;;;;2018;-6;2019;-5;2020;-2;2017.5;2211738
-1;58000;RAINFOREST_RESIN;9996;1;9995;24;;;9998;-4;10004;-1;10005;-24;9997.0;2201739
-1;58000;KELP;2017;29;;;;;2020;-1;2021;-24;;;2018.5;2201739
-1;58100;RAINFOREST_RESIN;9995;23;;;;;10005;-23;;;;;10000.0;2161743
-1;58100;KELP;2017;23;;;;;2020;-23;;;;;2018.5;2161743
-1;58200;RAINFOREST_RESIN;9996;1;9995;30;;;10004;-1;10005;-30;;;10000.0;2191746
-1;58200;KELP;2017;31;;;;;2020;-31;;;;;2018.5;2191746
-1;58300;RAINFOREST_RESIN;9995;29;;;;;10005;-29;;;;;10000.0;2221749
-1;58300;KELP;2017;29;;;;;2020;-29;;;;;2018.5;2221749
-1;58400;RAINFOREST_RESIN;9996;2;9995;21;;;10004;-2;10005;-21;;;10000.0;2251752
-1;58400;KELP;2016;23;;;;;2018;-1;2019;-23;;;2017.0;2251752
-1;58500;RAINFOREST_RESIN;9995;21;;;;;10002;-1;10005;-21;;;9998.5;2281755
-1;58500;KELP;2016;21;;;;;2019;-21;;;;;2017.5;2281755
-1;58600;RAINFOREST_RESIN;10002;0;9995;25;;;10005;-25;;;;;10003.5;2321760
-1;58600;KELP;2015;25;;;;;2017;-7;2019;-25;;;2016.0;2321760
-1;58700;RAINFOREST_RESIN;9996;2;9995;30;;;10004;-2;10005;-30;;;10000.0;2331761
-1;58700;KELP;2015;34;;;;;2018;-32;;;;;2016.5;2331761
-1;58800;RAINFOREST_RESIN;9995;29;;;;;10002;-1;10005;-29;;;9998.5;2341762
-1;58800;KELP;2015;29;;;;;2019;-29;;;;;2017.0;2341762
-1;58900;RAINFOREST_RESIN;9996;1;9995;24;;;10004;-1;10005;-24;;;10000.0;2221774
-1;58900;KELP;2015;25;;;;;2019;-25;;;;;2017.0;2221774
-1;59000;RAINFOREST_RESIN;9996;2;9995;20;;;10004;-2;10005;-20;;;10000.0;2101786
-1;59000;KELP;2016;22;;;;;2019;-22;;;;;2017.5;2101786
-1;59100;RAINFOREST_RESIN;9995;27;;;;;10005;-27;;;;;10000.0;1981798
-1;59100;KELP;2016;34;;;;;2019;-27;;;;;2017.5;1981798
-1;59200;RAINFOREST_RESIN;9998;4;9996;2;9995;29;10004;-2;10005;-29;;;10001.0;1991799
-1;59200;KELP;2016;31;;;;;2020;-31;;;;;2018.0;1991799
-1;59300;RAINFOREST_RESIN;9996;1;9995;26;;;10004;-1;10005;-26;;;10000.0;2001800
-1;59300;KELP;2016;26;;;;;2018;-2;2019;-27;;;2017.0;2001800
-1;59400;RAINFOREST_RESIN;9996;1;9995;21;;;10004;-1;10005;-21;;;10000.0;2011801
-1;59400;KELP;2015;22;;;;;2019;-22;;;;;2017.0;2011801
-1;59500;RAINFOREST_RESIN;10002;0;9995;23;;;10005;-23;;;;;10003.5;2071812
-1;59500;KELP;2015;23;;;;;2019;-23;;;;;2017.0;2071812
-1;59600;RAINFOREST_RESIN;9996;2;9995;27;;;10004;-2;10005;-27;;;10000.0;2081813
-1;59600;KELP;2016;29;;;;;2019;-29;;;;;2017.5;2081813
-1;59700;RAINFOREST_RESIN;9995;21;;;;;10005;-21;;;;;10000.0;2091814
-1;59700;KELP;2015;21;;;;;2018;-21;;;;;2016.5;2091814
-1;59800;RAINFOREST_RESIN;9996;1;9995;24;;;10004;-1;10005;-24;;;10000.0;2101815
-1;59800;KELP;2015;25;;;;;2018;-25;;;;;2016.5;2101815
-1;59900;RAINFOREST_RESIN;9996;1;9995;23;;;10002;-6;10004;-1;10005;-23;9999.0;2111816
-1;59900;KELP;2015;24;;;;;2018;-24;;;;;2016.5;2111816
-1;60000;RAINFOREST_RESIN;9998;3;9995;22;;;10005;-22;;;;;10001.5;2121817
-1;60000;KELP;2015;22;;;;;2018;-22;;;;;2016.5;2121817
-1;60100;RAINFOREST_RESIN;9996;2;9995;25;;;10004;-2;10005;-25;;;10000.0;2111820
-1;60100;KELP;2015;27;;;;;2018;-27;;;;;2016.5;2111820
-1;60200;RAINFOREST_RESIN;9995;25;;;;;10005;-25;;;;;10000.0;2101823
-1;60200;KELP;2016;3;2015;25;;;2018;-25;;;;;2017.0;2101823
-1;60300;RAINFOREST_RESIN;9996;1;9995;27;;;10004;-1;10005;-27;;;10000.0;2021831
-1;60300;KELP;2015;28;;;;;2018;-28;;;;;2016.5;2021831
-1;60400;RAINFOREST_RESIN;9996;1;9995;20;;;9998;-1;10004;-1;10005;-20;9997.0;1941839
-1;60400;KELP;2015;1;2014;20;;;2018;-21;;;;;2016.5;1941839
-1;60500;RAINFOREST_RESIN;9996;1;9995;23;;;10004;-1;10005;-23;;;10000.0;1861847
-1;60500;KELP;2015;24;;;;;2018;-24;;;;;2016.5;1861847
-1;60600;RAINFOREST_RESIN;9996;2;9995;22;;;10004;-2;10005;-22;;;10000.0;1781855
-1;60600;KELP;2015;26;;;;;2018;-24;;;;;2016.5;1781855
-1;60700;RAINFOREST_RESIN;9995;22;;;;;10005;-22;;;;;10000.0;1701863
-1;60700;KELP;2015;22;;;;;2017;-5;2018;-22;;;2016.0;1701863
-1;60800;RAINFOREST_RESIN;10002;0;9996;2;9995;30;10004;-2;10005;-30;;;10003.0;1721891
-1;60800;KELP;2015;31;;;;;2018;-32;;;;;2016.5;1721891
-1;60900;RAINFOREST_RESIN;9996;2;9995;29;;;10004;-2;10005;-29;;;10000.0;1641899
-1;60900;KELP;2015;28;;;;;2017;-4;2018;-31;;;2016.0;1641899
-1;61000;RAINFOREST_RESIN;9995;28;;;;;10005;-28;;;;;10000.0;1561907
-1;61000;KELP;2015;28;;;;;2018;-28;;;;;2016.5;1561907
-1;61100;RAINFOREST_RESIN;9995;29;;;;;10005;-29;;;;;10000.0;1481915
-1;61100;KELP;2015;29;;;;;2017;-3;2018;-29;;;2016.0;1481915
-1;61200;RAINFOREST_RESIN;9998;9;9996;1;9995;21;10000;-2;10004;-1;10005;-21;9999.0;1401923
-1;61200;KELP;2015;22;;;;;2016;-2;2018;-22;;;2015.5;1401923
-1;61300;RAINFOREST_RESIN;9996;1;9995;22;;;10004;-1;10005;-22;;;10000.0;1321931
-1;61300;KELP;2015;23;;;;;2018;-23;;;;;2016.5;1321931
-1;61400;RAINFOREST_RESIN;9996;1;9995;30;;;10004;-1;10005;-30;;;10000.0;1241939
-1;61400;KELP;2015;31;;;;;2018;-1;2019;-30;;;2016.5;1241939
-1;61500;RAINFOREST_RESIN;9996;2;9995;27;;;10004;-2;10005;-27;;;10000.0;1161947
-1;61500;KELP;2015;29;;;;;2018;-29;;;;;2016.5;1161947
-1;61600;RAINFOREST_RESIN;9996;2;9995;28;;;10004;-2;10005;-28;;;10000.0;1081955
-1;61600;KELP;2015;30;;;;;2017;-5;2018;-30;;;2016.0;1081955
-1;61700;RAINFOREST_RESIN;9996;1;9995;26;;;10004;-1;10005;-26;;;10000.0;1001963
-1;61700;KELP;2014;26;;;;;2016;-7;2017;-27;;;2015.0;1001963
-1;61800;RAINFOREST_RESIN;9995;20;;;;;10005;-20;;;;;10000.0;921971
-1;61800;KELP;2015;20;;;;;2018;-20;;;;;2016.5;921971
-1;61900;RAINFOREST_RESIN;9995;26;;;;;9998;-1;10005;-26;;;9996.5;841979
-1;61900;KELP;2014;26;;;;;2017;-26;;;;;2015.5;841979
-1;62000;RAINFOREST_RESIN;9995;20;;;;;10005;-20;;;;;10000.0;831980
-1;62000;KELP;2016;1;2014;20;;;2017;-20;;;;;2016.5;831980
-1;62100;RAINFOREST_RESIN;9996;2;9995;23;;;10004;-2;10005;-23;;;10000.0;821981
-1;62100;KELP;2014;25;;;;;2017;-25;;;;;2015.5;821981
-1;62200;RAINFOREST_RESIN;9995;25;;;;;10002;-3;10005;-25;;;9998.5;861985
-1;62200;KELP;2014;25;;;;;2017;-25;;;;;2015.5;861985
-1;62300;RAINFOREST_RESIN;9995;22;;;;;10005;-22;;;;;10000.0;901989
-1;62300;KELP;2014;22;;;;;2017;-22;;;;;2015.5;901989
-1;62400;RAINFOREST_RESIN;9996;2;9995;23;;;10004;-2;10005;-23;;;10000.0;921991
-1;62400;KELP;2014;25;;;;;2016;-8;2018;-25;;;2015.0;921991
-1;62500;RAINFOREST_RESIN;9996;1;9995;23;;;10004;-1;10005;-23;;;10000.0;941993
-1;62500;KELP;2015;3;2014;23;;;2018;-24;;;;;2016.5;941993
-1;62600;RAINFOREST_RESIN;9995;29;;;;;10005;-29;;;;;10000.0;961995
-1;62600;KELP;2015;29;;;;;2018;-29;;;;;2016.5;961995
-1;62700;RAINFOREST_RESIN;9996;2;9995;24;;;10004;-2;10005;-24;;;10000.0;981997
-1;62700;KELP;2015;26;;;;;2018;-26;;;;;2016.5;981997
-1;62800;RAINFOREST_RESIN;9995;26;;;;;10005;-26;;;;;10000.0;1001999
-1;62800;KELP;2015;25;;;;;2017;-1;2019;-26;;;2016.0;1001999
-1;62900;RAINFOREST_RESIN;9996;2;9995;27;;;9998;-4;10004;-2;10005;-27;9997.0;1022001
-1;62900;KELP;2016;29;;;;;2018;-1;2019;-29;;;2017.0;1022001
-1;63000;RAINFOREST_RESIN;9995;29;;;;;10005;-29;;;;;10000.0;982005
-1;63000;KELP;2016;29;;;;;2018;-4;2019;-29;;;2017.0;982005
-1;63100;RAINFOREST_RESIN;9996;2;9995;24;;;10004;-2;10005;-24;;;10000.0;942009
-1;63100;KELP;2016;25;;;;;2020;-26;;;;;2018.0;942009
-1;63200;RAINFOREST_RESIN;9995;28;;;;;10005;-28;;;;;10000.0;902013
-1;63200;KELP;2016;28;;;;;2020;-28;;;;;2018.0;902013
-1;63300;RAINFOREST_RESIN;9996;2;9995;30;;;10004;-2;10005;-30;;;10000.0;862017
-1;63300;KELP;2016;32;;;;;2019;-2;2020;-30;;;2017.5;862017
-1;63400;RAINFOREST_RESIN;9996;2;9995;24;;;10004;-2;10005;-24;;;10000.0;822021
-1;63400;KELP;2018;3;2016;26;;;2020;-26;;;;;2019.0;822021
-1;63500;RAINFOREST_RESIN;9998;8;9995;20;;;10005;-20;;;;;10001.5;782025
-1;63500;KELP;2016;22;;;;;2019;-20;;;;;2017.5;782025
-1;63600;RAINFOREST_RESIN;9995;21;;;;;10005;-21;;;;;10000.0;742029
-1;63600;KELP;2018;1;2016;21;;;2019;-21;;;;;2018.5;742029
-1;63700;RAINFOREST_RESIN;9996;2;9995;28;;;10002;-6;10004;-2;10005;-28;9999.0;702033
-1;63700;KELP;2017;8;2016;30;;;2019;-2;2020;-28;;;2018.0;702033
-1;63800;RAINFOREST_RESIN;9996;1;9995;21;;;10004;-1;10005;-21;;;10000.0;662037
-1;63800;KELP;2016;21;;;;;2018;-7;2020;-22;;;2017.0;662037
-1;63900;RAINFOREST_RESIN;9995;21;;;;;10005;-21;;;;;10000.0;622041
-1;63900;KELP;2016;21;;;;;2018;-6;2020;-21;;;2017.0;622041
-1;64000;RAINFOREST_RESIN;9998;6;9995;30;;;10005;-30;;;;;10001.5;502053
-1;64000;KELP;2016;30;;;;;2019;-30;;;;;2017.5;502053
-1;64100;RAINFOREST_RESIN;9995;27;;;;;10002;-6;10005;-27;;;9998.5;492054
-1;64100;KELP;2016;27;;;;;2019;-27;;;;;2017.5;492054
-1;64200;RAINFOREST_RESIN;9996;1;9995;24;;;10004;-1;10005;-24;;;10000.0;482055
-1;64200;KELP;2015;25;;;;;2018;-25;;;;;2016.5;482055
-1;64300;RAINFOREST_RESIN;9998;7;9996;1;9995;22;10004;-1;10005;-22;;;10001.0;452058
-1;64300;KELP;2015;23;;;;;2018;-23;;;;;2016.5;452058
-1;64400;RAINFOREST_RESIN;9998;8;9996;2;9995;27;10004;-2;10005;-27;;;10001.0;422061
-1;64400;KELP;2015;31;;;;;2018;-29;;;;;2016.5;422061
-1;64500;RAINFOREST_RESIN;9998;5;9996;2;9995;27;10004;-2;10005;-27;;;10001.0;412062
-1;64500;KELP;2015;29;;;;;2017;-6;2018;-29;;;2016.0;412062
-1;64600;RAINFOREST_RESIN;9995;26;;;;;10005;-26;;;;;10000.0;402063
-1;64600;KELP;2015;26;;;;;2018;-26;;;;;2016.5;402063
-1;64700;RAINFOREST_RESIN;9995;28;;;;;10005;-28;;;;;10000.0;392064
-1;64700;KELP;2015;28;;;;;2018;-28;;;;;2016.5;392064
-1;64800;RAINFOREST_RESIN;9996;2;9995;30;;;10004;-2;10005;-30;;;10000.0;382065
-1;64800;KELP;2015;2;2014;30;;;2018;-32;;;;;2016.5;382065
-1;64900;RAINFOREST_RESIN;9996;2;9995;29;;;10004;-2;10005;-29;;;10000.0;372066
-1;64900;KELP;2015;31;;;;;2017;-3;2018;-31;;;2016.0;372066
-1;65000;RAINFOREST_RESIN;9995;25;;;;;9998;-1;10005;-25;;;9996.5;362067
-1;65000;KELP;2015;25;;;;;2018;-25;;;;;2016.5;362067
-1;65100;RAINFOREST_RESIN;9996;2;9995;23;;;10004;-2;10005;-23;;;10000.0;352068
-1;65100;KELP;2015;25;;;;;2018;-25;;;;;2016.5;352068
-1;65200;RAINFOREST_RESIN;9998;8;9995;29;;;10005;-29;;;;;10001.5;322071
-1;65200;KELP;2017;1;2015;29;;;2019;-29;;;;;2018.0;322071
-1;65300;RAINFOREST_RESIN;9995;21;;;;;10002;-3;10005;-21;;;9998.5;292074
-1;65300;KELP;2015;21;;;;;2017;-2;2018;-21;;;2016.0;292074
-1;65400;RAINFOREST_RESIN;9996;2;9995;26;;;10000;-3;10004;-2;10005;-26;9998.0;312076
-1;65400;KELP;2015;28;;;;;2016;-3;2018;-28;;;2015.5;312076
-1;65500;RAINFOREST_RESIN;9996;2;9995;27;;;10004;-2;10005;-27;;;10000.0;332078
-1;65500;KELP;2015;36;;;;;2018;-29;;;;;2016.5;332078
-1;65600;RAINFOREST_RESIN;9998;5;9995;20;;;10005;-20;;;;;10001.5;352080
-1;65600;KELP;2015;20;;;;;2019;-20;;;;;2017.0;352080
-1;65700;RAINFOREST_RESIN;9995;29;;;;;10005;-29;;;;;10000.0;372082
-1;65700;KELP;2014;29;;;;;2018;-29;;;;;2016.0;372082
-1;65800;RAINFOREST_RESIN;9998;9;9995;20;;;10005;-20;;;;;10001.5;392084
-1;65800;KELP;2015;20;;;;;2017;-7;2018;-20;;;2016.0;392084
-1;65900;RAINFOREST_RESIN;9996;1;9995;23;;;10004;-1;10005;-23;;;10000.0;412086
-1;65900;KELP;2015;29;;;;;2018;-24;;;;;2016.5;412086
-1;66000;RAINFOREST_RESIN;9998;4;9996;2;9995;22;10004;-2;10005;-22;;;10001.0;402087
-1;66000;KELP;2015;24;;;;;2018;-24;;;;;2016.5;402087
-1;66100;RAINFOREST_RESIN;9996;1;9995;26;;;9998;-1;10004;-1;10005;-26;9997.0;392088
-1;66100;KELP;2015;27;;;;;2018;-27;;;;;2016.5;392088
-1;66200;RAINFOREST_RESIN;10002;0;10000;5;9995;20;10005;-20;;;;;10003.5;392091
-1;66200;KELP;2016;5;2015;20;;;2019;-20;;;;;2017.5;392091
-1;66300;RAINFOREST_RESIN;9996;1;9995;24;;;10004;-1;10005;-24;;;10000.0;382092
-1;66300;KELP;2018;1;2016;2;2015;25;2019;-25;;;;;2018.5;382092
-1;66400;RAINFOREST_RESIN;9995;21;;;;;9998;-3;10005;-21;;;9996.5;372093
-1;66400;KELP;2015;21;;;;;2019;-21;;;;;2017.0;372093
-1;66500;RAINFOREST_RESIN;9996;2;9995;20;;;10004;-2;10005;-20;;;10000.0;362094
-1;66500;KELP;2015;22;;;;;2019;-22;;;;;2017.0;362094
-1;66600;RAINFOREST_RESIN;9995;22;;;;;10005;-22;;;;;10000.0;352095
-1;66600;KELP;2015;22;;;;;2017;-3;2019;-22;;;2016.0;352095
-1;66700;RAINFOREST_RESIN;9998;9;9995;27;;;10005;-27;;;;;10001.5;342096
-1;66700;KELP;2014;27;;;;;2018;-27;;;;;2016.0;342096
-1;66800;RAINFOREST_RESIN;9995;30;;;;;10005;-30;;;;;10000.0;332097
-1;66800;KELP;2014;30;;;;;2018;-30;;;;;2016.0;332097
-1;66900;RAINFOREST_RESIN;9998;4;9995;23;;;10005;-23;;;;;10001.5;322098
-1;66900;KELP;2017;1;2015;4;2014;23;2018;-23;;;;;2017.5;322098
-1;67000;RAINFOREST_RESIN;9996;1;9995;24;;;10004;-1;10005;-24;;;10000.0;312099
-1;67000;KELP;2015;25;;;;;2018;-25;;;;;2016.5;312099
-1;67100;RAINFOREST_RESIN;9995;23;;;;;10005;-23;;;;;10000.0;302100
-1;67100;KELP;2015;23;;;;;2018;-23;;;;;2016.5;302100
-1;67200;RAINFOREST_RESIN;9996;2;9995;20;;;10002;-3;10004;-2;10005;-20;9999.0;292101
-1;67200;KELP;2015;21;;;;;2018;-22;;;;;2016.5;292101
-1;67300;RAINFOREST_RESIN;9995;30;;;;;9998;-3;10005;-30;;;9996.5;242106
-1;67300;KELP;2015;31;;;;;2018;-30;;;;;2016.5;242106
-1;67400;RAINFOREST_RESIN;9998;4;9996;1;9995;25;10004;-1;10005;-25;;;10001.0;192111
-1;67400;KELP;2015;26;;;;;2018;-26;;;;;2016.5;192111
-1;67500;RAINFOREST_RESIN;9995;21;;;;;10005;-21;;;;;10000.0;142116
-1;67500;KELP;2015;20;;;;;2018;-21;;;;;2016.5;142116
-1;67600;RAINFOREST_RESIN;9996;2;9995;25;;;10004;-2;10005;-25;;;10000.0;92121
-1;67600;KELP;2015;27;;;;;2018;-27;;;;;2016.5;92121
-1;67700;RAINFOREST_RESIN;9996;1;9995;29;;;10004;-1;10005;-29;;;10000.0;42126
-1;67700;KELP;2015;33;;;;;2018;-30;;;;;2016.5;42126
-1;67800;RAINFOREST_RESIN;9998;3;9995;30;;;10005;-30;;;;;10001.5;-7869
-1;67800;KELP;2015;38;;;;;2018;-30;;;;;2016.5;-7869
-1;67900;RAINFOREST_RESIN;9995;25;;;;;10005;-25;;;;;10000.0;-57864
-1;67900;KELP;2015;25;;;;;2018;-25;;;;;2016.5;-57864
-1;68000;RAINFOREST_RESIN;9996;2;9995;21;;;10004;-2;10005;-21;;;10000.0;-107859
-1;68000;KELP;2015;23;;;;;2018;-23;;;;;2016.5;-107859
-1;68100;RAINFOREST_RESIN;9996;2;9995;29;;;10004;-2;10005;-29;;;10000.0;-127857
-1;68100;KELP;2015;31;;;;;2017;-4;2018;-31;;;2016.0;-127857
-1;68200;RAINFOREST_RESIN;9996;2;9995;29;;;10004;-2;10005;-29;;;10000.0;-147855
-1;68200;KELP;2017;1;2015;31;;;2018;-31;;;;;2017.5;-147855
-1;68300;RAINFOREST_RESIN;9996;1;9995;28;;;10004;-1;10005;-28;;;10000.0;-167853
-1;68300;KELP;2017;1;2015;29;;;2018;-29;;;;;2017.5;-167853
-1;68400;RAINFOREST_RESIN;9996;2;9995;26;;;10004;-2;10005;-26;;;10000.0;-187851
-1;68400;KELP;2015;28;;;;;2018;-28;;;;;2016.5;-187851
-1;68500;RAINFOREST_RESIN;9995;23;;;;;10002;-5;10005;-23;;;9998.5;-207849
-1;68500;KELP;2015;23;;;;;2018;-23;;;;;2016.5;-207849
-1;68600;RAINFOREST_RESIN;9996;1;9995;24;;;10004;-1;10005;-24;;;10000.0;-227847
-1;68600;KELP;2015;24;;;;;2018;-25;;;;;2016.5;-227847
-1;68700;RAINFOREST_RESIN;9996;1;9995;27;;;10004;-1;10005;-27;;;10000.0;-247845
-1;68700;KELP;2015;28;;;;;2018;-28;;;;;2016.5;-247845
-1;68800;RAINFOREST_RESIN;9995;22;;;;;9998;-1;10005;-22;;;9996.5;-267843
-1;68800;KELP;2015;22;;;;;2018;-22;;;;;2016.5;-267843
-1;68900;RAINFOREST_RESIN;9996;1;9995;27;;;10004;-1;10005;-27;;;10000.0;-287841
-1;68900;KELP;2017;1;2015;28;;;2018;-28;;;;;2017.5;-287841
-1;69000;RAINFOREST_RESIN;9996;2;9995;28;;;10004;-2;10005;-28;;;10000.0;-307839
-1;69000;KELP;2015;30;;;;;2018;-30;;;;;2016.5;-307839
-1;69100;RAINFOREST_RESIN;9998;9;9996;1;9995;30;10004;-1;10005;-30;;;10001.0;-327837
-1;69100;KELP;2015;30;;;;;2018;-31;;;;;2016.5;-327837
-1;69200;RAINFOREST_RESIN;9996;2;9995;28;;;10004;-2;10005;-28;;;10000.0;-347835
-1;69200;KELP;2017;3;2015;30;;;2018;-30;;;;;2017.5;-347835
-1;69300;RAINFOREST_RESIN;9995;21;;;;;9998;-1;10005;-21;;;9996.5;-367833
-1;69300;KELP;2017;1;2015;21;;;2018;-21;;;;;2017.5;-367833
-1;69400;RAINFOREST_RESIN;10002;0;9998;2;9996;1;10004;-1;10005;-25;;;10003.0;-367830
-1;69400;KELP;2015;26;;;;;2018;-26;;;;;2016.5;-367830
-1;69500;RAINFOREST_RESIN;9998;1;9996;2;9995;24;10004;-2;10005;-24;;;10001.0;-377829
-1;69500;KELP;2015;32;;;;;2018;-26;;;;;2016.5;-377829
-1;69600;RAINFOREST_RESIN;9995;23;;;;;10005;-23;;;;;10000.0;-387828
-1;69600;KELP;2015;22;;;;;2018;-23;;;;;2016.5;-387828
-1;69700;RAINFOREST_RESIN;10002;0;9996;1;9995;20;10004;-1;10005;-20;;;10003.0;-387825
-1;69700;KELP;2015;21;;;;;2018;-21;;;;;2016.5;-387825
-1;69800;RAINFOREST_RESIN;9996;1;9995;23;;;10004;-1;10005;-23;;;10000.0;-377824
-1;69800;KELP;2015;24;;;;;2018;-24;;;;;2016.5;-377824
-1;69900;RAINFOREST_RESIN;9996;2;9995;27;;;10004;-2;10005;-27;;;10000.0;-367823
-1;69900;KELP;2015;29;;;;;2018;-29;;;;;2016.5;-367823
-1;70000;RAINFOREST_RESIN;9996;2;9995;27;;;10004;-2;10005;-27;;;10000.0;-357822
-1;70000;KELP;2015;29;;;;;2018;-29;;;;;2016.5;-357822
-1;70100;RAINFOREST_RESIN;9996;2;9995;22;;;10004;-2;10005;-22;;;10000.0;-347821
-1;70100;KELP;2015;23;;;;;2018;-2;2019;-22;;;2016.5;-347821
-1;70200;RAINFOREST_RESIN;9996;1;9995;21;;;10004;-1;10005;-21;;;10000.0;-337820
-1;70200;KELP;2015;22;;;;;2018;-22;;;;;2016.5;-337820
-1;70300;RAINFOREST_RESIN;9996;1;9995;25;;;9998;-2;10004;-1;10005;-25;9997.0;-357818
-1;70300;KELP;2015;26;;;;;2018;-26;;;;;2016.5;-357818
-1;70400;RAINFOREST_RESIN;9995;26;;;;;10005;-26;;;;;10000.0;-377816
-1;70400;KELP;2015;26;;;;;2017;-6;2018;-26;;;2016.0;-377816
-1;70500;RAINFOREST_RESIN;9995;23;;;;;10000;-3;10005;-23;;;9997.5;-397814
-1;70500;KELP;2015;23;;;;;2016;-3;2017;-3;2018;-23;2015.5;-397814
-1;70600;RAINFOREST_RESIN;9996;1;9995;27;;;10004;-1;10005;-27;;;10000.0;-417812
-1;70600;KELP;2015;34;;;;;2018;-28;;;;;2016.5;-417812
-1;70700;RAINFOREST_RESIN;9995;26;;;;;10005;-26;;;;;10000.0;-427811
-1;70700;KELP;2015;26;;;;;2018;-26;;;;;2016.5;-427811
-1;70800;RAINFOREST_RESIN;10002;0;9995;27;;;10005;-27;;;;;10003.5;-427808
-1;70800;KELP;2015;26;;;;;2018;-27;;;;;2016.5;-427808
-1;70900;RAINFOREST_RESIN;9996;2;9995;30;;;10004;-2;10005;-30;;;10000.0;-437807
-1;70900;KELP;2015;32;;;;;2018;-32;;;;;2016.5;-437807
-1;71000;RAINFOREST_RESIN;9996;1;9995;29;;;10002;-5;10004;-1;10005;-29;9999.0;-447806
-1;71000;KELP;2015;30;;;;;2018;-30;;;;;2016.5;-447806
-1;71100;RAINFOREST_RESIN;9998;9;9996;1;9995;21;10004;-1;10005;-21;;;10001.0;-457805
-1;71100;KELP;2015;22;;;;;2018;-22;;;;;2016.5;-457805
-1;71200;RAINFOREST_RESIN;10002;0;9996;1;9995;28;10004;-1;10005;-28;;;10003.0;-457802
-1;71200;KELP;2015;28;;;;;2018;-29;;;;;2016.5;-457802
-1;71300;RAINFOREST_RESIN;9996;2;9995;26;;;10002;-4;10004;-2;10005;-26;9999.0;-447801
-1;71300;KELP;2015;28;;;;;2017;-4;2018;-28;;;2016.0;-447801
-1;71400;RAINFOREST_RESIN;9996;2;9995;24;;;10002;-3;10004;-2;10005;-24;9999.0;-437800
-1;71400;KELP;2015;26;;;;;2018;-26;;;;;2016.5;-437800
-1;71500;RAINFOREST_RESIN;10002;0;9996;2;9995;26;10004;-2;10005;-26;;;10003.0;-397795
-1;71500;KELP;2015;25;;;;;2018;-28;;;;;2016.5;-397795
-1;71600;RAINFOREST_RESIN;9996;1;9995;27;;;9998;-3;10004;-1;10005;-27;9997.0;-367792
-1;71600;KELP;2014;28;;;;;2018;-28;;;;;2016.0;-367792
-1;71700;RAINFOREST_RESIN;9996;2;9995;29;;;10004;-2;10005;-29;;;10000.0;-337789
-1;71700;KELP;2014;31;;;;;2016;-4;2018;-31;;;2015.0;-337789
-1;71800;RAINFOREST_RESIN;10002;0;9996;2;9995;25;10004;-2;10005;-25;;;10003.0;-297784
-1;71800;KELP;2014;27;;;;;2018;-27;;;;;2016.0;-297784
-1;71900;RAINFOREST_RESIN;10002;0;9996;1;9995;25;10004;-1;10005;-25;;;10003.0;-257779
-1;71900;KELP;2014;26;;;;;2018;-26;;;;;2016.0;-257779
-1;72000;RAINFOREST_RESIN;9996;1;9995;20;;;10004;-1;10005;-20;;;10000.0;-247778
-1;72000;KELP;2015;21;;;;;2017;-6;2018;-21;;;2016.0;-247778
-1;72100;RAINFOREST_RESIN;9995;21;;;;;10005;-21;;;;;10000.0;-237777
-1;72100;KELP;2014;21;;;;;2016;-5;2018;-21;;;2015.0;-237777
-1;72200;RAINFOREST_RESIN;9996;2;9995;29;;;10004;-2;10005;-29;;;10000.0;-227776
-1;72200;KELP;2016;3;2014;31;;;2018;-31;;;;;2017.0;-227776
-1;72300;RAINFOREST_RESIN;9996;1;9995;22;;;10002;-8;10004;-1;10005;-22;9999.0;-217775
-1;72300;KELP;2014;23;;;;;2018;-23;;;;;2016.0;-217775
-1;72400;RAINFOREST_RESIN;10002;0;9996;2;9995;20;10004;-2;10005;-20;;;10003.0;-197772
-1;72400;KELP;2014;22;;;;;2016;-6;2018;-22;;;2015.0;-197772
-1;72500;RAINFOREST_RESIN;9996;2;9995;25;;;10004;-2;10005;-25;;;10000.0;-187771
-1;72500;KELP;2014;34;;;;;2017;-27;;;;;2015.5;-187771
-1;72600;RAINFOREST_RESIN;9996;2;9995;27;;;10004;-2;10005;-27;;;10000.0;-177770
-1;72600;KELP;2014;35;;;;;2015;-4;2017;-29;;;2014.5;-177770
-1;72700;RAINFOREST_RESIN;9995;23;;;;;10005;-23;;;;;10000.0;-167769
-1;72700;KELP;2014;23;;;;;2017;-23;;;;;2015.5;-167769
-1;72800;RAINFOREST_RESIN;9995;20;;;;;10005;-20;;;;;10000.0;-157768
-1;72800;KELP;2014;20;;;;;2017;-20;;;;;2015.5;-157768
-1;72900;RAINFOREST_RESIN;9998;1;9996;2;9995;22;10004;-2;10005;-22;;;10001.0;-147767
-1;72900;KELP;2014;24;;;;;2017;-24;;;;;2015.5;-147767
-1;73000;RAINFOREST_RESIN;9996;1;9995;21;;;10002;-7;10004;-1;10005;-21;9999.0;-137766
-1;73000;KELP;2014;21;;;;;2016;-2;2017;-22;;;2015.0;-137766
-1;73100;RAINFOREST_RESIN;9996;2;9995;29;;;10002;-3;10004;-2;10005;-29;9999.0;-127765
-1;73100;KELP;2014;31;;;;;2017;-31;;;;;2015.5;-127765
-1;73200;RAINFOREST_RESIN;9995;21;;;;;10005;-21;;;;;10000.0;-117764
-1;73200;KELP;2014;21;;;;;2017;-21;;;;;2015.5;-117764
-1;73300;RAINFOREST_RESIN;9996;1;9995;29;;;10004;-1;10005;-29;;;10000.0;-107763
-1;73300;KELP;2014;30;;;;;2017;-30;;;;;2015.5;-107763
-1;73400;RAINFOREST_RESIN;9995;30;;;;;9998;-1;10005;-30;;;9996.5;-97762
-1;73400;KELP;2014;30;;;;;2016;-4;2017;-30;;;2015.0;-97762
-1;73500;RAINFOREST_RESIN;9996;2;9995;23;;;10004;-2;10005;-23;;;10000.0;-87761
-1;73500;KELP;2014;25;;;;;2017;-25;;;;;2015.5;-87761
-1;73600;RAINFOREST_RESIN;9996;1;9995;24;;;10004;-1;10005;-24;;;10000.0;-77760
-1;73600;KELP;2014;25;;;;;2017;-25;;;;;2015.5;-77760
-1;73700;RAINFOREST_RESIN;9995;24;;;;;10005;-24;;;;;10000.0;-67759
-1;73700;KELP;2014;24;;;;;2017;-24;;;;;2015.5;-67759
-1;73800;RAINFOREST_RESIN;9995;24;;;;;10005;-24;;;;;10000.0;-57758
-1;73800;KELP;2014;24;;;;;2016;-5;2018;-24;;;2015.0;-57758
-1;73900;RAINFOREST_RESIN;9995;30;;;;;10005;-30;;;;;10000.0;-47757
-1;73900;KELP;2015;27;;;;;2018;-30;;;;;2016.5;-47757
-1;74000;RAINFOREST_RESIN;10002;0;9998;10;9996;2;10004;-2;10005;-24;;;10003.0;-27754
-1;74000;KELP;2015;26;;;;;2017;-3;2018;-26;;;2016.0;-27754
-1;74100;RAINFOREST_RESIN;10000;6;9996;2;9995;30;10004;-2;10005;-30;;;10002.0;-17753
-1;74100;KELP;2016;6;2015;32;;;2018;-32;;;;;2017.0;-17753
-1;74200;RAINFOREST_RESIN;9996;2;9995;20;;;10002;-6;10004;-2;10005;-20;9999.0;-7752
-1;74200;KELP;2015;22;;;;;2018;-22;;;;;2016.5;-7752
-1;74300;RAINFOREST_RESIN;9996;2;9995;30;;;10002;-6;10004;-2;10005;-30;9999.0;2249
-1;74300;KELP;2015;5;2014;32;;;2018;-32;;;;;2016.5;2249
