day;timestamp;product;bid_price_1;bid_volume_1;bid_price_2;bid_volume_2;bid_price_3;bid_volume_3;ask_price_1;ask_volume_1;ask_price_2;ask_volume_2;ask_price_3;ask_volume_3;mid_price;profit_and_loss
-1;0;RAINFOREST_RESIN;10002;0;9996;2;9995;29;10004;-2;10005;-29;;;10003.0;10002
-1;0;KELP;2028;1;2026;2;2025;29;2029;-31;;;;;2028.5;10002
-1;100;RAINFOREST_RESIN;9996;2;9995;22;;;10004;-2;10005;-22;;;10000.0;20004
-1;100;KELP;2025;24;;;;;2028;-2;2029;-22;;;2026.5;20004
-1;200;RAINFOREST_RESIN;9995;20;;;;;10005;-20;;;;;10000.0;30006
-1;200;KELP;2025;22;;;;;2028;-20;;;;;2026.5;30006
-1;300;RAINFOREST_RESIN;9996;2;9995;29;;;10004;-2;10005;-29;;;10000.0;40008
-1;300;KELP;2025;31;;;;;2028;-2;2029;-29;;;2026.5;40008
-1;400;RAINFOREST_RESIN;9996;2;9995;25;;;10004;-2;10005;-25;;;10000.0;50010
-1;400;KELP;2025;27;;;;;2028;-27;;;;;2026.5;50010
-1;500;RAINFOREST_RESIN;9995;30;;;;;10002;-4;10005;-30;;;9998.5;60012
-1;500;KELP;2025;30;;;;;2028;-30;;;;;2026.5;60012
-1;600;RAINFOREST_RESIN;10000;5;9995;25;;;10005;-25;;;;;10002.5;70014
-1;600;KELP;2026;5;2025;31;;;2028;-25;;;;;2027.0;70014
-1;700;RAINFOREST_RESIN;9995;23;;;;;10005;-23;;;;;10000.0;80016
-1;700;KELP;2025;2;2024;23;;;2028;-23;;;;;2026.5;80016
-1;800;RAINFOREST_RESIN;9996;1;9995;29;;;10004;-1;10005;-29;;;10000.0;90018
-1;800;KELP;2024;1;2023;29;;;2027;-30;;;;;2025.5;90018
-1;900;RAINFOREST_RESIN;9996;1;9995;22;;;10004;-1;10005;-22;;;10000.0;100020
-1;900;KELP;2024;23;;;;;2027;-23;;;;;2025.5;100020
-1;1000;RAINFOREST_RESIN;9995;26;;;;;10005;-26;;;;;10000.0;110022
-1;1000;KELP;2024;26;;;;;2026;-6;2027;-26;;;2025.0;110022
-1;1100;RAINFOREST_RESIN;9996;2;9995;24;;;10004;-2;10005;-24;;;10000.0;120024
-1;1100;KELP;2025;6;2024;26;;;2027;-2;2028;-24;;;2026.0;120024
-1;1200;RAINFOREST_RESIN;9995;21;;;;;9998;-1;10005;-21;;;9996.5;100024
-1;1200;KELP;2024;21;;;;;2026;-8;2028;-21;;;2025.0;100024
-1;1300;RAINFOREST_RESIN;10002;0;9996;1;9995;30;10004;-1;10005;-30;;;10003.0;90026
-1;1300;KELP;2024;31;;;;;2028;-31;;;;;2026.0;90026
-1;1400;RAINFOREST_RESIN;9996;1;9995;25;;;10004;-1;10005;-25;;;10000.0;70026
-1;1400;KELP;2025;3;2024;25;;;2028;-26;;;;;2026.5;70026
-1;1500;RAINFOREST_RESIN;9995;27;;;;;10005;-27;;;;;10000.0;50026
-1;1500;KELP;2024;27;;;;;2028;-27;;;;;2026.0;50026
-1;1600;RAINFOREST_RESIN;9995;29;;;;;10005;-29;;;;;10000.0;30026
-1;1600;KELP;2024;29;;;;;2026;-4;2028;-29;;;2025.0;30026
-1;1700;RAINFOREST_RESIN;9996;2;9995;20;;;10002;-1;10004;-2;10005;-20;9999.0;40028
-1;1700;KELP;2024;22;;;;;2026;-8;2028;-22;;;2025.0;40028
-1;1800;RAINFOREST_RESIN;10002;0;9996;1;9995;22;10004;-1;10005;-22;;;10003.0;60032
-1;1800;KELP;2024;23;;;;;2028;-23;;;;;2026.0;60032
-1;1900;RAINFOREST_RESIN;9996;1;9995;28;;;10004;-1;10005;-28;;;10000.0;70034
-1;1900;KELP;2024;29;;;;;2026;-5;2027;-29;;;2025.0;70034
-1;2000;RAINFOREST_RESIN;9996;2;9995;24;;;9998;-1;10004;-2;10005;-24;9997.0;80036
-1;2000;KELP;2024;26;;;;;2027;-26;;;;;2025.5;80036
-1;2100;RAINFOREST_RESIN;9996;2;9995;25;;;10002;-3;10004;-2;10005;-25;9999.0;70036
-1;2100;KELP;2024;27;;;;;2027;-2;2028;-25;;;2025.5;70036
-1;2200;RAINFOREST_RESIN;9998;8;9996;1;9995;24;10004;-1;10005;-24;;;10001.0;60036
-1;2200;KELP;2024;25;;;;;2026;-7;2027;-1;2028;-24;2025.0;60036
-1;2300;RAINFOREST_RESIN;9998;7;9996;2;9995;30;10004;-2;10005;-30;;;10001.0;50036
-1;2300;KELP;2024;32;;;;;2028;-32;;;;;2026.0;50036
-1;2400;RAINFOREST_RESIN;9995;29;;;;;10005;-29;;;;;10000.0;40036
-1;2400;KELP;2024;29;;;;;2025;-1;2028;-29;;;2024.5;40036
-1;2500;RAINFOREST_RESIN;9996;1;9995;22;;;10004;-1;10005;-22;;;10000.0;30036
-1;2500;KELP;2025;2;2024;23;;;2027;-1;2028;-22;;;2026.0;30036
-1;2600;RAINFOREST_RESIN;9995;23;;;;;10005;-23;;;;;10000.0;20036
-1;2600;KELP;2025;3;2024;23;;;2028;-23;;;;;2026.5;20036
-1;2700;RAINFOREST_RESIN;9998;6;9995;26;;;10005;-26;;;;;10001.5;10036
-1;2700;KELP;2024;26;;;;;2027;-26;;;;;2025.5;10036
-1;2800;RAINFOREST_RESIN;9995;25;;;;;10005;-25;;;;;10000.0;36
-1;2800;KELP;2023;25;;;;;2027;-25;;;;;2025.0;36
-1;2900;RAINFOREST_RESIN;9996;1;9995;25;;;10004;-1;10005;-25;;;10000.0;-9963
-1;2900;KELP;2023;26;;;;;2027;-26;;;;;2025.0;-9963
-1;3000;RAINFOREST_RESIN;9998;1;9995;26;;;10005;-26;;;;;10001.5;-129939
-1;3000;KELP;2024;29;;;;;2027;-26;;;;;2025.5;-129939
-1;3100;RAINFOREST_RESIN;9996;2;9995;24;;;10004;-2;10005;-24;;;10000.0;-119939
-1;3100;KELP;2023;26;;;;;2025;-5;2026;-26;;;2024.0;-119939
-1;3200;RAINFOREST_RESIN;9996;1;9995;22;;;10004;-1;10005;-22;;;10000.0;-139935
-1;3200;KELP;2023;23;;;;;2025;-3;2026;-23;;;2024.0;-139935
-1;3300;RAINFOREST_RESIN;9996;2;9995;30;;;10004;-2;10005;-30;;;10000.0;-159931
-1;3300;KELP;2023;32;;;;;2025;-2;2026;-32;;;2024.0;-159931
-1;3400;RAINFOREST_RESIN;9996;2;9995;24;;;10004;-2;10005;-24;;;10000.0;-179927
-1;3400;KELP;2023;26;;;;;2026;-26;;;;;2024.5;-179927
-1;3500;RAINFOREST_RESIN;9995;26;;;;;10005;-26;;;;;10000.0;-199923
-1;3500;KELP;2023;26;;;;;2026;-26;;;;;2024.5;-199923
-1;3600;RAINFOREST_RESIN;9995;21;;;;;9998;-4;10005;-21;;;9996.5;-219919
-1;3600;KELP;2023;21;;;;;2026;-21;;;;;2024.5;-219919
-1;3700;RAINFOREST_RESIN;10002;0;9996;1;9995;23;10004;-1;10005;-23;;;10003.0;-229913
-1;3700;KELP;2023;27;;;;;2026;-24;;;;;2024.5;-229913
-1;3800;RAINFOREST_RESIN;9996;2;9995;23;;;10002;-10;10004;-2;10005;-23;9999.0;-219913
-1;3800;KELP;2023;25;;;;;2026;-25;;;;;2024.5;-219913
-1;3900;RAINFOREST_RESIN;9998;1;9996;1;9995;25;10004;-1;10005;-25;;;10001.0;-229911
-1;3900;KELP;2023;28;;;;;2026;-26;;;;;2024.5;-229911
-1;4000;RAINFOREST_RESIN;9996;2;9995;30;;;10004;-2;10005;-30;;;10000.0;-239909
-1;4000;KELP;2023;32;;;;;2026;-32;;;;;2024.5;-239909
-1;4100;RAINFOREST_RESIN;9996;2;9995;27;;;10004;-2;10005;-27;;;10000.0;-249907
-1;4100;KELP;2023;29;;;;;2027;-29;;;;;2025.0;-249907
-1;4200;RAINFOREST_RESIN;9996;2;9995;24;;;10002;-4;10004;-2;10005;-24;9999.0;-259905
-1;4200;KELP;2023;26;;;;;2027;-26;;;;;2025.0;-259905
-1;4300;RAINFOREST_RESIN;9995;22;;;;;9998;-1;10000;-6;10005;-22;9996.5;-279901
-1;4300;KELP;2023;29;;;;;2024;-5;2026;-22;;;2023.5;-279901
-1;4400;RAINFOREST_RESIN;9995;30;;;;;10005;-30;;;;;10000.0;-299897
-1;4400;KELP;2023;30;;;;;2026;-30;;;;;2024.5;-299897
-1;4500;RAINFOREST_RESIN;9996;1;9995;28;;;10002;-10;10004;-1;10005;-28;9999.0;-319893
-1;4500;KELP;2023;28;;;;;2026;-29;;;;;2024.5;-319893
-1;4600;RAINFOREST_RESIN;9996;1;9995;29;;;10002;-10;10004;-1;10005;-29;9999.0;-339889
-1;4600;KELP;2023;30;;;;;2026;-30;;;;;2024.5;-339889
-1;4700;RAINFOREST_RESIN;9996;2;9995;30;;;10004;-2;10005;-30;;;10000.0;-359885
-1;4700;KELP;2023;25;;;;;2025;-3;2026;-32;;;2024.0;-359885
-1;4800;RAINFOREST_RESIN;9998;6;9996;2;9995;22;10004;-2;10005;-22;;;10001.0;-379881
-1;4800;KELP;2023;24;;;;;2027;-24;;;;;2025.0;-379881
-1;4900;RAINFOREST_RESIN;9995;22;;;;;10002;-7;10005;-22;;;9998.5;-359881
-1;4900;KELP;2023;22;;;;;2027;-22;;;;;2025.0;-359881
-1;5000;RAINFOREST_RESIN;9998;3;9996;2;9995;28;10004;-2;10005;-28;;;10001.0;-339881
-1;5000;KELP;2023;30;;;;;2026;-30;;;;;2024.5;-339881
-1;5100;RAINFOREST_RESIN;9996;1;9995;30;;;10004;-1;10005;-30;;;10000.0;-319881
-1;5100;KELP;2023;37;;;;;2026;-31;;;;;2024.5;-319881
-1;5200;RAINFOREST_RESIN;9998;9;9996;1;9995;26;10004;-1;10005;-26;;;10001.0;-299881
-1;5200;KELP;2023;35;;;;;2026;-27;;;;;2024.5;-299881
-1;5300;RAINFOREST_RESIN;9996;1;9995;20;;;10004;-1;10005;-20;;;10000.0;-279881
-1;5300;KELP;2025;1;2023;21;;;2026;-21;;;;;2025.5;-279881
-1;5400;RAINFOREST_RESIN;9995;21;;;;;10005;-21;;;;;10000.0;-259881
-1;5400;KELP;2023;21;;;;;2025;-6;2027;-21;;;2024.0;-259881
-1;5500;RAINFOREST_RESIN;9995;27;;;;;10005;-27;;;;;10000.0;-239881
-1;5500;KELP;2023;27;;;;;2027;-27;;;;;2025.0;-239881
-1;5600;RAINFOREST_RESIN;9995;28;;;;;10005;-28;;;;;10000.0;-219881
-1;5600;KELP;2025;2;2023;28;;;2027;-28;;;;;2026.0;-219881
-1;5700;RAINFOREST_RESIN;9998;2;9995;27;;;10005;-27;;;;;10001.5;-199881
-1;5700;KELP;2024;26;;;;;2027;-27;;;;;2025.5;-199881
-1;5800;RAINFOREST_RESIN;9996;1;9995;30;;;10004;-1;10005;-30;;;10000.0;-179881
-1;5800;KELP;2024;31;;;;;2027;-31;;;;;2025.5;-179881
-1;5900;RAINFOREST_RESIN;9996;2;9995;28;;;10004;-2;10005;-28;;;10000.0;-159881
-1;5900;KELP;2024;35;;;;;2027;-30;;;;;2025.5;-159881
-1;6000;RAINFOREST_RESIN;9995;30;;;;;10005;-30;;;;;10000.0;-139881
-1;6000;KELP;2024;30;;;;;2027;-30;;;;;2025.5;-139881
-1;6100;RAINFOREST_RESIN;9996;1;9995;24;;;10004;-1;10005;-24;;;10000.0;-119881
-1;6100;KELP;2024;24;;;;;2027;-25;;;;;2025.5;-119881
-1;6200;RAINFOREST_RESIN;9996;1;9995;21;;;10004;-1;10005;-21;;;10000.0;-99881
-1;6200;KELP;2024;22;;;;;2027;-22;;;;;2025.5;-99881
-1;6300;RAINFOREST_RESIN;9996;2;9995;23;;;10004;-2;10005;-23;;;10000.0;-79881
-1;6300;KELP;2024;30;;;;;2027;-25;;;;;2025.5;-79881
-1;6400;RAINFOREST_RESIN;9996;1;9995;24;;;10004;-1;10005;-24;;;10000.0;-59881
-1;6400;KELP;2024;25;;;;;2027;-25;;;;;2025.5;-59881
-1;6500;RAINFOREST_RESIN;9996;1;9995;26;;;9998;-1;10004;-1;10005;-26;9997.0;-39881
-1;6500;KELP;2024;27;;;;;2027;-27;;;;;2025.5;-39881
-1;6600;RAINFOREST_RESIN;9996;2;9995;24;;;10004;-2;10005;-24;;;10000.0;-49879
-1;6600;KELP;2024;26;;;;;2028;-26;;;;;2026.0;-49879
-1;6700;RAINFOREST_RESIN;9995;20;;;;;10002;-3;10005;-20;;;9998.5;-19879
-1;6700;KELP;2025;7;2024;20;;;2028;-20;;;;;2026.5;-19879
-1;6800;RAINFOREST_RESIN;9996;2;9995;30;;;10004;-2;10005;-30;;;10000.0;10121
-1;6800;KELP;2024;32;;;;;2026;-8;2027;-2;2028;-30;2025.0;10121
-1;6900;RAINFOREST_RESIN;9996;1;9995;26;;;10002;-5;10004;-1;10005;-26;9999.0;20123
-1;6900;KELP;2024;27;;;;;2026;-1;2027;-27;;;2025.0;20123
-1;7000;RAINFOREST_RESIN;9998;2;9995;27;;;10005;-27;;;;;10001.5;30125
-1;7000;KELP;2026;4;2024;27;;;2027;-27;;;;;2026.5;30125
-1;7100;RAINFOREST_RESIN;9996;1;9995;29;;;10004;-1;10005;-29;;;10000.0;50129
-1;7100;KELP;2024;30;;;;;2027;-30;;;;;2025.5;50129
-1;7200;RAINFOREST_RESIN;9998;5;9996;1;9995;27;10004;-1;10005;-27;;;10001.0;70133
-1;7200;KELP;2024;28;;;;;2027;-28;;;;;2025.5;70133
-1;7300;RAINFOREST_RESIN;10002;0;9996;2;9995;29;10004;-2;10005;-29;;;10003.0;100139
-1;7300;KELP;2024;35;;;;;2027;-31;;;;;2025.5;100139
-1;7400;RAINFOREST_RESIN;9996;1;9995;22;;;10004;-1;10005;-22;;;10000.0;120143
-1;7400;KELP;2024;22;;;;;2027;-23;;;;;2025.5;120143
-1;7500;RAINFOREST_RESIN;9995;25;;;;;10002;-10;10005;-25;;;9998.5;140147
-1;7500;KELP;2024;25;;;;;2027;-25;;;;;2025.5;140147
-1;7600;RAINFOREST_RESIN;9996;2;9995;20;;;10004;-2;10005;-20;;;10000.0;160151
-1;7600;KELP;2024;22;;;;;2027;-22;;;;;2025.5;160151
-1;7700;RAINFOREST_RESIN;9995;22;;;;;10005;-22;;;;;10000.0;180155
-1;7700;KELP;2024;21;;;;;2027;-22;;;;;2025.5;180155
-1;7800;RAINFOREST_RESIN;9998;3;9996;1;9995;22;10004;-1;10005;-22;;;10001.0;200159
-1;7800;KELP;2024;23;;;;;2027;-23;;;;;2025.5;200159
-1;7900;RAINFOREST_RESIN;9996;1;9995;26;;;10004;-1;10005;-26;;;10000.0;220163
-1;7900;KELP;2024;31;;;;;2027;-27;;;;;2025.5;220163
-1;8000;RAINFOREST_RESIN;9995;27;;;;;10005;-27;;;;;10000.0;240167
-1;8000;KELP;2024;27;;;;;2026;-8;2027;-27;;;2025.0;240167
-1;8100;RAINFOREST_RESIN;9996;1;9995;22;;;10004;-1;10005;-22;;;10000.0;260171
-1;8100;KELP;2023;23;;;;;2027;-23;;;;;2025.0;260171
-1;8200;RAINFOREST_RESIN;9995;23;;;;;10005;-23;;;;;10000.0;240171
-1;8200;KELP;2023;23;;;;;2025;-1;2026;-23;;;2024.0;240171
-1;8300;RAINFOREST_RESIN;9996;1;9995;29;;;10004;-1;10005;-29;;;10000.0;220171
-1;8300;KELP;2023;30;;;;;2026;-30;;;;;2024.5;220171
-1;8400;RAINFOREST_RESIN;9995;28;;;;;10005;-28;;;;;10000.0;200171
-1;8400;KELP;2023;28;;;;;2026;-28;;;;;2024.5;200171
-1;8500;RAINFOREST_RESIN;9998;10;9996;2;9995;29;10004;-2;10005;-29;;;10001.0;180171
-1;8500;KELP;2023;31;;;;;2026;-31;;;;;2024.5;180171
-1;8600;RAINFOREST_RESIN;9996;1;9995;22;;;10004;-1;10005;-22;;;10000.0;160171
-1;8600;KELP;2023;22;;;;;2026;-23;;;;;2024.5;160171
-1;8700;RAINFOREST_RESIN;9998;10;9995;27;;;10005;-27;;;;;10001.5;140171
-1;8700;KELP;2023;27;;;;;2025;-4;2026;-27;;;2024.0;140171
-1;8800;RAINFOREST_RESIN;9995;25;;;;;9998;-1;10005;-25;;;9996.5;120171
-1;8800;KELP;2024;7;2023;25;;;2027;-25;;;;;2025.5;120171
-1;8900;RAINFOREST_RESIN;9998;9;9995;26;;;10005;-26;;;;;10001.5;110171
-1;8900;KELP;2024;1;2023;26;;;2027;-26;;;;;2025.5;110171
-1;9000;RAINFOREST_RESIN;9996;2;9995;29;;;10004;-2;10005;-29;;;10000.0;100171
-1;9000;KELP;2023;31;;;;;2027;-31;;;;;2025.0;100171
-1;9100;RAINFOREST_RESIN;9998;3;9996;2;9995;27;10004;-2;10005;-27;;;10001.0;90171
-1;9100;KELP;2023;29;;;;;2026;-2;2027;-27;;;2024.5;90171
-1;9200;RAINFOREST_RESIN;9998;10;9995;27;;;10005;-27;;;;;10001.5;80171
-1;9200;KELP;2023;27;;;;;2025;-7;2026;-27;;;2024.0;80171
-1;9300;RAINFOREST_RESIN;9996;1;9995;20;;;10004;-1;10005;-20;;;10000.0;70171
-1;9300;KELP;2023;21;;;;;2026;-21;;;;;2024.5;70171
-1;9400;RAINFOREST_RESIN;9998;2;9996;2;9995;21;10004;-2;10005;-21;;;10001.0;60171
-1;9400;KELP;2023;23;;;;;2026;-23;;;;;2024.5;60171
-1;9500;RAINFOREST_RESIN;9996;1;9995;30;;;10004;-1;10005;-30;;;10000.0;50171
-1;9500;KELP;2023;35;;;;;2026;-31;;;;;2024.5;50171
-1;9600;RAINFOREST_RESIN;9996;1;9995;30;;;10004;-1;10005;-30;;;10000.0;40171
-1;9600;KELP;2023;31;;;;;2026;-31;;;;;2024.5;40171
-1;9700;RAINFOREST_RESIN;9995;22;;;;;10002;-1;10005;-22;;;9998.5;30171
-1;9700;KELP;2023;22;;;;;2026;-22;;;;;2024.5;30171
-1;9800;RAINFOREST_RESIN;9995;26;;;;;10005;-26;;;;;10000.0;20171
-1;9800;KELP;2023;26;;;;;2026;-26;;;;;2024.5;20171
-1;9900;RAINFOREST_RESIN;9995;25;;;;;10005;-25;;;;;10000.0;10171
-1;9900;KELP;2025;4;2023;25;;;2026;-25;;;;;2025.5;10171
-1;10000;RAINFOREST_RESIN;9995;28;;;;;10005;-28;;;;;10000.0;171
-1;10000;KELP;2023;36;;;;;2026;-28;;;;;2024.5;171
-1;10100;RAINFOREST_RESIN;9996;1;9995;24;;;10002;-3;10004;-1;10005;-24;9999.0;-9828
-1;10100;KELP;2023;25;;;;;2026;-25;;;;;2024.5;-9828
-1;10200;RAINFOREST_RESIN;9996;2;9995;26;;;10004;-2;10005;-26;;;10000.0;-19826
-1;10200;KELP;2022;28;;;;;2026;-28;;;;;2024.0;-19826
-1;10300;RAINFOREST_RESIN;9998;4;9995;27;;;10005;-27;;;;;10001.5;-29824
-1;10300;KELP;2024;1;2022;35;;;2025;-27;;;;;2024.5;-29824
-1;10400;RAINFOREST_RESIN;10002;0;9996;1;9995;28;10004;-1;10005;-28;;;10003.0;-29820
-1;10400;KELP;2023;1;2022;29;;;2026;-29;;;;;2024.5;-29820
-1;10500;RAINFOREST_RESIN;9998;4;9996;2;9995;29;10004;-2;10005;-29;;;10001.0;-19820
-1;10500;KELP;2023;2;2022;29;;;2026;-31;;;;;2024.5;-19820
-1;10600;RAINFOREST_RESIN;9996;2;9995;29;;;10000;-4;10004;-2;10005;-29;9998.0;-9820
-1;10600;KELP;2022;31;;;;;2023;-4;2024;-4;2025;-31;2022.5;-9820
-1;10700;RAINFOREST_RESIN;9998;8;9995;28;;;10005;-28;;;;;10001.5;180
-1;10700;KELP;2022;29;;;;;2025;-28;;;;;2023.5;180
-1;10800;RAINFOREST_RESIN;9998;5;9996;2;9995;22;10004;-2;10005;-22;;;10001.0;10181
-1;10800;KELP;2022;27;;;;;2025;-24;;;;;2023.5;10181
-1;10900;RAINFOREST_RESIN;9996;1;9995;27;;;10004;-1;10005;-27;;;10000.0;130205
-1;10900;KELP;2022;35;;;;;2025;-28;;;;;2023.5;130205
-1;11000;RAINFOREST_RESIN;9995;24;;;;;10002;-7;10005;-24;;;9998.5;250229
-1;11000;KELP;2024;7;2022;24;;;2025;-24;;;;;2024.5;250229
-1;11100;RAINFOREST_RESIN;9998;3;9995;21;;;10005;-21;;;;;10001.5;370253
-1;11100;KELP;2022;21;;;;;2025;-21;;;;;2023.5;370253
-1;11200;RAINFOREST_RESIN;9996;2;9995;21;;;10002;-7;10004;-2;10005;-21;9999.0;300253
-1;11200;KELP;2022;23;;;;;2025;-23;;;;;2023.5;300253
-1;11300;RAINFOREST_RESIN;9996;1;9995;21;;;10004;-1;10005;-21;;;10000.0;230253
-1;11300;KELP;2022;25;;;;;2025;-22;;;;;2023.5;230253
-1;11400;RAINFOREST_RESIN;9996;1;9995;25;;;10004;-1;10005;-25;;;10000.0;160253
-1;11400;KELP;2022;26;;;;;2025;-26;;;;;2023.5;160253
-1;11500;RAINFOREST_RESIN;9996;1;9995;25;;;10002;-7;10004;-1;10005;-25;9999.0;180257
-1;11500;KELP;2022;26;;;;;2024;-8;2025;-26;;;2023.0;180257
-1;11600;RAINFOREST_RESIN;9996;2;9995;27;;;10002;-2;10004;-2;10005;-27;9999.0;200261
-1;11600;KELP;2022;29;;;;;2026;-29;;;;;2024.0;200261
-1;11700;RAINFOREST_RESIN;9996;2;9995;21;;;10004;-2;10005;-21;;;10000.0;220265
-1;11700;KELP;2022;23;;;;;2023;-2;2026;-23;;;2022.5;220265
-1;11800;RAINFOREST_RESIN;9998;10;9995;29;;;10000;-5;10005;-29;;;9999.0;240269
-1;11800;KELP;2022;29;;;;;2024;-4;2026;-29;;;2023.0;240269
-1;11900;RAINFOREST_RESIN;9996;2;9995;30;;;10004;-2;10005;-30;;;10000.0;260273
-1;11900;KELP;2023;2;2022;30;;;2024;-3;2026;-32;;;2023.5;260273
-1;12000;RAINFOREST_RESIN;10002;0;9995;20;;;10005;-20;;;;;10003.5;290279
-1;12000;KELP;2023;20;;;;;2026;-20;;;;;2024.5;290279
-1;12100;RAINFOREST_RESIN;9996;2;9995;25;;;10004;-2;10005;-25;;;10000.0;300281
-1;12100;KELP;2023;27;;;;;2025;-1;2026;-27;;;2024.0;300281
-1;12200;RAINFOREST_RESIN;9996;2;9995;28;;;10004;-2;10005;-28;;;10000.0;310283
-1;12200;KELP;2023;34;;;;;2026;-30;;;;;2024.5;310283
-1;12300;RAINFOREST_RESIN;9998;6;9996;1;9995;28;10004;-1;10005;-28;;;10001.0;320285
-1;12300;KELP;2023;29;;;;;2026;-29;;;;;2024.5;320285
-1;12400;RAINFOREST_RESIN;9995;26;;;;;10005;-26;;;;;10000.0;330287
-1;12400;KELP;2023;30;;;;;2026;-26;;;;;2024.5;330287
-1;12500;RAINFOREST_RESIN;9995;20;;;;;10005;-20;;;;;10000.0;340289
-1;12500;KELP;2023;19;;;;;2026;-20;;;;;2024.5;340289
-1;12600;RAINFOREST_RESIN;9995;22;;;;;10005;-22;;;;;10000.0;350291
-1;12600;KELP;2023;22;;;;;2026;-22;;;;;2024.5;350291
-1;12700;RAINFOREST_RESIN;9996;2;9995;20;;;10004;-2;10005;-20;;;10000.0;360293
-1;12700;KELP;2023;22;;;;;2026;-22;;;;;2024.5;360293
-1;12800;RAINFOREST_RESIN;9996;2;9995;20;;;10004;-2;10005;-20;;;10000.0;370295
-1;12800;KELP;2023;22;;;;;2026;-22;;;;;2024.5;370295
-1;12900;RAINFOREST_RESIN;9996;1;9995;28;;;10002;-3;10004;-1;10005;-28;9999.0;380297
-1;12900;KELP;2023;36;;;;;2026;-29;;;;;2024.5;380297
-1;13000;RAINFOREST_RESIN;10002;0;9995;20;;;10005;-20;;;;;10003.5;400301
-1;13000;KELP;2025;1;2023;6;2022;20;2026;-20;;;;;2025.5;400301
-1;13100;RAINFOREST_RESIN;9996;1;9995;25;;;10004;-1;10005;-25;;;10000.0;410303
-1;13100;KELP;2023;33;;;;;2026;-26;;;;;2024.5;410303
-1;13200;RAINFOREST_RESIN;9998;2;9995;22;;;10005;-22;;;;;10001.5;390303
-1;13200;KELP;2022;22;;;;;2025;-5;2026;-22;;;2023.5;390303
-1;13300;RAINFOREST_RESIN;9995;24;;;;;10005;-24;;;;;10000.0;370303
-1;13300;KELP;2023;6;2022;24;;;2026;-24;;;;;2024.5;370303
-1;13400;RAINFOREST_RESIN;9996;2;9995;30;;;10004;-2;10005;-30;;;10000.0;390307
-1;13400;KELP;2023;32;;;;;2026;-32;;;;;2024.5;390307
-1;13500;RAINFOREST_RESIN;9995;30;;;;;10005;-30;;;;;10000.0;410311
-1;13500;KELP;2022;30;;;;;2025;-8;2026;-30;;;2023.5;410311
-1;13600;RAINFOREST_RESIN;9995;25;;;;;10002;-10;10005;-25;;;9998.5;430315
-1;13600;KELP;2023;24;;;;;2025;-3;2026;-25;;;2024.0;430315
-1;13700;RAINFOREST_RESIN;9996;1;9995;20;;;9998;-4;10004;-1;10005;-20;9997.0;450319
-1;13700;KELP;2023;25;;;;;2026;-21;;;;;2024.5;450319
-1;13800;RAINFOREST_RESIN;9996;2;9995;20;;;10004;-2;10005;-20;;;10000.0;470323
-1;13800;KELP;2023;23;;;;;2026;-22;;;;;2024.5;470323
-1;13900;RAINFOREST_RESIN;9996;2;9995;20;;;10000;-6;10004;-2;10005;-20;9998.0;490327
-1;13900;KELP;2023;22;;;;;2024;-6;2025;-4;2026;-22;2023.5;490327
-1;14000;RAINFOREST_RESIN;9998;5;9996;2;9995;27;10004;-2;10005;-27;;;10001.0;500329
-1;14000;KELP;2023;3;2022;29;;;2026;-29;;;;;2024.5;500329
-1;14100;RAINFOREST_RESIN;9996;2;9995;23;;;10004;-2;10005;-23;;;10000.0;500329
-1;14100;KELP;2023;25;;;;;2025;-1;2026;-25;;;2024.0;500329
-1;14200;RAINFOREST_RESIN;9995;21;;;;;10005;-21;;;;;10000.0;500329
-1;14200;KELP;2023;20;;;;;2026;-21;;;;;2024.5;500329
-1;14300;RAINFOREST_RESIN;9996;2;9995;27;;;10004;-2;10005;-27;;;10000.0;500329
-1;14300;KELP;2022;29;;;;;2026;-29;;;;;2024.0;500329
-1;14400;RAINFOREST_RESIN;9996;1;9995;29;;;10004;-1;10005;-29;;;10000.0;500329
-1;14400;KELP;2023;30;;;;;2026;-30;;;;;2024.5;500329
-1;14500;RAINFOREST_RESIN;9995;24;;;;;10002;-1;10005;-24;;;9998.5;500329
-1;14500;KELP;2023;24;;;;;2026;-24;;;;;2024.5;500329
-1;14600;RAINFOREST_RESIN;9996;2;9995;26;;;10000;-2;10004;-2;10005;-26;9998.0;500329
-1;14600;KELP;2022;28;;;;;2024;-2;2026;-28;;;2023.0;500329
-1;14700;RAINFOREST_RESIN;9995;30;;;;;10002;-7;10005;-30;;;9998.5;500329
-1;14700;KELP;2022;30;;;;;2025;-30;;;;;2023.5;500329
-1;14800;RAINFOREST_RESIN;9995;28;;;;;10002;-6;10005;-28;;;9998.5;500329
-1;14800;KELP;2022;28;;;;;2025;-28;;;;;2023.5;500329
-1;14900;RAINFOREST_RESIN;10000;4;9995;26;;;10005;-26;;;;;10002.5;500329
-1;14900;KELP;2023;4;2022;26;;;2025;-26;;;;;2024.0;500329
-1;15000;RAINFOREST_RESIN;9998;1;9995;25;;;10005;-25;;;;;10001.5;500329
-1;15000;KELP;2024;8;2022;25;;;2025;-25;;;;;2024.5;500329
-1;15100;RAINFOREST_RESIN;9995;22;;;;;10005;-22;;;;;10000.0;500329
-1;15100;KELP;2022;27;;;;;2025;-22;;;;;2023.5;500329
-1;15200;RAINFOREST_RESIN;9998;6;9995;27;;;10005;-27;;;;;10001.5;500329
-1;15200;KELP;2022;26;;;;;2025;-27;;;;;2023.5;500329
-1;15300;RAINFOREST_RESIN;9995;26;;;;;10002;-1;10005;-26;;;9998.5;500329
-1;15300;KELP;2022;26;;;;;2024;-4;2025;-26;;;2023.0;500329
-1;15400;RAINFOREST_RESIN;9996;2;9995;28;;;9998;-1;10004;-2;10005;-28;9997.0;500329
-1;15400;KELP;2022;35;;;;;2025;-30;;;;;2023.5;500329
-1;15500;RAINFOREST_RESIN;10002;1;9996;2;9995;29;10004;-2;10005;-29;;;10003.0;490329
-1;15500;KELP;2022;31;;;;;2024;-8;2025;-31;;;2023.0;490329
-1;15600;RAINFOREST_RESIN;9996;2;9995;24;;;10004;-2;10005;-24;;;10000.0;480329
-1;15600;KELP;2022;31;;;;;2025;-26;;;;;2023.5;480329
-1;15700;RAINFOREST_RESIN;10002;3;9996;1;9995;24;10004;-1;10005;-24;;;10003.0;500333
-1;15700;KELP;2022;25;;;;;2025;-25;;;;;2023.5;500333
-1;15800;RAINFOREST_RESIN;9998;10;9996;2;9995;20;10004;-2;10005;-20;;;10001.0;500333
-1;15800;KELP;2025;1;2022;22;;;2026;-22;;;;;2025.5;500333
-1;15900;RAINFOREST_RESIN;9996;2;9995;29;;;10000;-6;10004;-2;10005;-29;9998.0;500333
-1;15900;KELP;2023;31;;;;;2024;-6;2025;-2;2026;-31;2023.5;500333
-1;16000;RAINFOREST_RESIN;9996;2;9995;27;;;10002;-6;10004;-2;10005;-27;9999.0;500333
-1;16000;KELP;2023;29;;;;;2025;-2;2026;-29;;;2024.0;500333
-1;16100;RAINFOREST_RESIN;9995;21;;;;;10000;-2;10002;-10;10005;-21;9997.5;500333
-1;16100;KELP;2022;21;;;;;2023;-2;2026;-21;;;2022.5;500333
-1;16200;RAINFOREST_RESIN;9995;24;;;;;9998;-1;10005;-24;;;9996.5;500333
-1;16200;KELP;2022;24;;;;;2023;-1;2026;-24;;;2022.5;500333
-1;16300;RAINFOREST_RESIN;9996;1;9995;22;;;10004;-1;10005;-22;;;10000.0;490333
-1;16300;KELP;2023;2;2022;23;;;2026;-23;;;;;2024.5;490333
-1;16400;RAINFOREST_RESIN;9996;2;9995;30;;;10002;-3;10004;-2;10005;-30;9999.0;500335
-1;16400;KELP;2023;2;2022;30;;;2026;-32;;;;;2024.5;500335
-1;16500;RAINFOREST_RESIN;9996;2;9995;21;;;10002;-7;10004;-2;10005;-21;9999.0;500335
-1;16500;KELP;2023;2;2022;21;;;2026;-23;;;;;2024.5;500335
-1;16600;RAINFOREST_RESIN;9998;4;9996;2;9995;28;10004;-2;10005;-28;;;10001.0;500335
-1;16600;KELP;2022;30;;;;;2023;-1;2026;-30;;;2022.5;500335
-1;16700;RAINFOREST_RESIN;10002;1;9995;26;;;10005;-26;;;;;10003.5;500335
-1;16700;KELP;2025;1;2022;26;;;2026;-26;;;;;2025.5;500335
-1;16800;RAINFOREST_RESIN;9995;26;;;;;10005;-26;;;;;10000.0;500335
-1;16800;KELP;2022;26;;;;;2026;-26;;;;;2024.0;500335
-1;16900;RAINFOREST_RESIN;9996;1;9995;25;;;10004;-1;10005;-25;;;10000.0;450335
-1;16900;KELP;2023;1;2022;25;;;2026;-26;;;;;2024.5;450335
-1;17000;RAINFOREST_RESIN;9998;9;9995;29;;;10005;-29;;;;;10001.5;400335
-1;17000;KELP;2023;29;;;;;2026;-29;;;;;2024.5;400335
-1;17100;RAINFOREST_RESIN;9996;2;9995;21;;;10004;-2;10005;-21;;;10000.0;350335
-1;17100;KELP;2023;23;;;;;2026;-23;;;;;2024.5;350335
-1;17200;RAINFOREST_RESIN;9998;3;9996;2;9995;22;10004;-2;10005;-22;;;10001.0;300335
-1;17200;KELP;2023;24;;;;;2026;-24;;;;;2024.5;300335
-1;17300;RAINFOREST_RESIN;9996;2;9995;23;;;10002;-9;10004;-2;10005;-23;9999.0;250335
-1;17300;KELP;2023;25;;;;;2025;-6;2026;-25;;;2024.0;250335
-1;17400;RAINFOREST_RESIN;10000;6;9998;7;9995;28;10005;-28;;;;;10002.5;200335
-1;17400;KELP;2024;6;2023;28;;;2026;-28;;;;;2025.0;200335
-1;17500;RAINFOREST_RESIN;9995;26;;;;;10005;-26;;;;;10000.0;150335
-1;17500;KELP;2023;26;;;;;2027;-26;;;;;2025.0;150335
-1;17600;RAINFOREST_RESIN;9998;6;9995;30;;;10005;-30;;;;;10001.5;100335
-1;17600;KELP;2023;30;;;;;2026;-30;;;;;2024.5;100335
-1;17700;RAINFOREST_RESIN;9996;2;9995;27;;;10004;-2;10005;-27;;;10000.0;50335
-1;17700;KELP;2025;1;2023;29;;;2026;-29;;;;;2025.5;50335
-1;17800;RAINFOREST_RESIN;9996;2;9995;24;;;10002;-5;10004;-2;10005;-24;9999.0;335
-1;17800;KELP;2023;26;;;;;2026;-2;2027;-24;;;2024.5;335
-1;17900;RAINFOREST_RESIN;9995;23;;;;;10005;-23;;;;;10000.0;-49660
-1;17900;KELP;2023;23;;;;;2027;-23;;;;;2025.0;-49660
-1;18000;RAINFOREST_RESIN;9996;2;9995;25;;;10004;-2;10005;-25;;;10000.0;-99650
-1;18000;KELP;2023;27;;;;;2026;-27;;;;;2024.5;-99650
-1;18100;RAINFOREST_RESIN;9995;20;;;;;10005;-20;;;;;10000.0;-149640
-1;18100;KELP;2023;20;;;;;2027;-20;;;;;2025.0;-149640
-1;18200;RAINFOREST_RESIN;9996;1;9995;25;;;10004;-1;10005;-25;;;10000.0;-199630
-1;18200;KELP;2024;21;;;;;2027;-26;;;;;2025.5;-199630
-1;18300;RAINFOREST_RESIN;9996;2;9995;23;;;10004;-2;10005;-23;;;10000.0;-249620
-1;18300;KELP;2023;25;;;;;2027;-25;;;;;2025.0;-249620
-1;18400;RAINFOREST_RESIN;9996;2;9995;23;;;10004;-2;10005;-23;;;10000.0;-299610
-1;18400;KELP;2024;25;;;;;2026;-5;2027;-25;;;2025.0;-299610
-1;18500;RAINFOREST_RESIN;9995;29;;;;;10000;-2;10005;-29;;;9997.5;-349600
-1;18500;KELP;2024;29;;;;;2025;-1;2027;-29;;;2024.5;-349600
-1;18600;RAINFOREST_RESIN;10002;0;9995;20;;;10005;-20;;;;;10003.5;-389588
-1;18600;KELP;2024;20;;;;;2026;-5;2027;-20;;;2025.0;-389588
-1;18700;RAINFOREST_RESIN;9995;22;;;;;10005;-22;;;;;10000.0;-439578
-1;18700;KELP;2024;22;;;;;2027;-22;;;;;2025.5;-439578
-1;18800;RAINFOREST_RESIN;9996;2;9995;26;;;10004;-2;10005;-26;;;10000.0;-489568
-1;18800;KELP;2024;28;;;;;2027;-28;;;;;2025.5;-489568
-1;18900;RAINFOREST_RESIN;9998;2;9995;22;;;10005;-22;;;;;10001.5;-499566
-1;18900;KELP;2024;22;;;;;2027;-22;;;;;2025.5;-499566
-1;19000;RAINFOREST_RESIN;9996;2;9995;26;;;10004;-2;10005;-26;;;10000.0;-499566
-1;19000;KELP;2024;18;;;;;2027;-28;;;;;2025.5;-499566
-1;19100;RAINFOREST_RESIN;9996;2;9995;26;;;10004;-2;10005;-26;;;10000.0;-499566
-1;19100;KELP;2024;28;;;;;2027;-28;;;;;2025.5;-499566
-1;19200;RAINFOREST_RESIN;9996;1;9995;20;;;9998;-1;10004;-1;10005;-20;9997.0;-499566
-1;19200;KELP;2024;21;;;;;2027;-21;;;;;2025.5;-499566
-1;19300;RAINFOREST_RESIN;9996;2;9995;21;;;10004;-2;10005;-21;;;10000.0;-499566
-1;19300;KELP;2024;23;;;;;2027;-23;;;;;2025.5;-499566
-1;19400;RAINFOREST_RESIN;9995;26;;;;;10005;-26;;;;;10000.0;-499566
-1;19400;KELP;2023;26;;;;;2027;-26;;;;;2025.0;-499566
-1;19500;RAINFOREST_RESIN;9995;23;;;;;10005;-23;;;;;10000.0;-499566
-1;19500;KELP;2024;23;;;;;2027;-23;;;;;2025.5;-499566
-1;19600;RAINFOREST_RESIN;9996;2;9995;27;;;10004;-2;10005;-27;;;10000.0;-499566
-1;19600;KELP;2024;2;2023;27;;;2027;-29;;;;;2025.5;-499566
-1;19700;RAINFOREST_RESIN;10002;0;9996;2;9995;30;10004;-2;10005;-30;;;10003.0;-489564
-1;19700;KELP;2024;31;;;;;2026;-7;2027;-32;;;2025.0;-489564
-1;19800;RAINFOREST_RESIN;9996;2;9995;29;;;10004;-2;10005;-29;;;10000.0;-479564
-1;19800;KELP;2024;31;;;;;2027;-31;;;;;2025.5;-479564
-1;19900;RAINFOREST_RESIN;9996;2;9995;30;;;10004;-2;10005;-30;;;10000.0;-469564
-1;19900;KELP;2024;32;;;;;2027;-32;;;;;2025.5;-469564
-1;20000;RAINFOREST_RESIN;9995;27;;;;;10002;-4;10005;-27;;;9998.5;-459564
-1;20000;KELP;2024;2;2023;27;;;2027;-27;;;;;2025.5;-459564
-1;20100;RAINFOREST_RESIN;10002;0;9996;1;9995;30;10004;-1;10005;-30;;;10003.0;-409562
-1;20100;KELP;2023;31;;;;;2025;-4;2027;-31;;;2024.0;-409562
-1;20200;RAINFOREST_RESIN;9995;29;;;;;9998;-1;10005;-29;;;9996.5;-359562
-1;20200;KELP;2023;29;;;;;2027;-29;;;;;2025.0;-359562
-1;20300;RAINFOREST_RESIN;9995;27;;;;;10005;-27;;;;;10000.0;-369560
-1;20300;KELP;2024;26;;;;;2027;-27;;;;;2025.5;-369560
-1;20400;RAINFOREST_RESIN;9996;1;9995;28;;;10000;-4;10004;-1;10005;-28;9998.0;-379558
-1;20400;KELP;2024;30;;;;;2025;-4;2027;-29;;;2024.5;-379558
-1;20500;RAINFOREST_RESIN;10000;0;9996;2;9995;30;10004;-2;10005;-30;;;10002.0;-359556
-1;20500;KELP;2025;4;2024;7;2023;30;2027;-32;;;;;2026.0;-359556
-1;20600;RAINFOREST_RESIN;9996;2;9995;26;;;10004;-2;10005;-26;;;10000.0;-369554
-1;20600;KELP;2023;28;;;;;2027;-28;;;;;2025.0;-369554
-1;20700;RAINFOREST_RESIN;10002;0;10000;0;9998;4;10005;-22;;;;;10003.5;-309550
-1;20700;KELP;2025;6;2023;22;;;2027;-22;;;;;2026.0;-309550
-1;20800;RAINFOREST_RESIN;9996;2;9995;22;;;10004;-2;10005;-22;;;10000.0;-299550
-1;20800;KELP;2024;2;2023;22;;;2027;-24;;;;;2025.5;-299550
-1;20900;RAINFOREST_RESIN;9995;23;;;;;10005;-23;;;;;10000.0;-289550
-1;20900;KELP;2026;1;2023;23;;;2027;-23;;;;;2026.5;-289550
-1;21000;RAINFOREST_RESIN;9996;2;9995;26;;;10004;-2;10005;-26;;;10000.0;-279550
-1;21000;KELP;2024;28;;;;;2027;-28;;;;;2025.5;-279550
-1;21100;RAINFOREST_RESIN;9996;2;9995;22;;;10004;-2;10005;-22;;;10000.0;-269550
-1;21100;KELP;2024;2;2023;22;;;2027;-24;;;;;2025.5;-269550
-1;21200;RAINFOREST_RESIN;9995;22;;;;;9998;-1;10005;-22;;;9996.5;-259550
-1;21200;KELP;2024;22;;;;;2027;-22;;;;;2025.5;-259550
-1;21300;RAINFOREST_RESIN;9996;1;9995;29;;;10002;-7;10004;-1;10005;-29;9999.0;-269548
-1;21300;KELP;2024;1;2023;29;;;2027;-30;;;;;2025.5;-269548
-1;21400;RAINFOREST_RESIN;9995;28;;;;;10005;-28;;;;;10000.0;-349532
-1;21400;KELP;2024;28;;;;;2027;-28;;;;;2025.5;-349532
-1;21500;RAINFOREST_RESIN;9996;1;9995;20;;;10004;-1;10005;-20;;;10000.0;-429516
-1;21500;KELP;2026;4;2024;21;;;2027;-21;;;;;2026.5;-429516
-1;21600;RAINFOREST_RESIN;10002;0;9996;2;9995;25;10004;-2;10005;-25;;;10003.0;-379478
-1;21600;KELP;2024;27;;;;;2027;-2;2028;-25;;;2025.5;-379478
-1;21700;RAINFOREST_RESIN;9998;8;9996;2;9995;29;10004;-2;10005;-29;;;10001.0;-459462
-1;21700;KELP;2024;31;;;;;2027;-31;;;;;2025.5;-459462
-1;21800;RAINFOREST_RESIN;9996;2;9995;22;;;10004;-2;10005;-22;;;10000.0;-499454
-1;21800;KELP;2024;24;;;;;2028;-24;;;;;2026.0;-499454
-1;21900;RAINFOREST_RESIN;10002;0;9996;1;9995;21;10004;-1;10005;-21;;;10003.0;-469448
-1;21900;KELP;2024;22;;;;;2028;-22;;;;;2026.0;-469448
-1;22000;RAINFOREST_RESIN;9995;21;;;;;10005;-21;;;;;10000.0;-499442
-1;22000;KELP;2024;21;;;;;2028;-21;;;;;2026.0;-499442
-1;22100;RAINFOREST_RESIN;9996;2;9995;22;;;10002;-7;10004;-2;10005;-22;9999.0;-499442
-1;22100;KELP;2024;23;;;;;2027;-24;;;;;2025.5;-499442
-1;22200;RAINFOREST_RESIN;9998;6;9996;1;9995;20;10004;-1;10005;-20;;;10001.0;-499442
-1;22200;KELP;2024;21;;;;;2027;-21;;;;;2025.5;-499442
-1;22300;RAINFOREST_RESIN;9996;1;9995;28;;;10004;-1;10005;-28;;;10000.0;-499442
-1;22300;KELP;2023;29;;;;;2026;-1;2027;-28;;;2024.5;-499442
-1;22400;RAINFOREST_RESIN;9996;2;9995;27;;;9998;-1;10004;-2;10005;-27;9997.0;-499442
-1;22400;KELP;2023;29;;;;;2026;-29;;;;;2024.5;-499442
-1;22500;RAINFOREST_RESIN;9996;2;9995;29;;;10004;-2;10005;-29;;;10000.0;-499442
-1;22500;KELP;2023;31;;;;;2026;-31;;;;;2024.5;-499442
-1;22600;RAINFOREST_RESIN;10000;0;9998;6;9996;2;10004;-2;10005;-20;;;10002.0;-439442
-1;22600;KELP;2024;6;2023;26;;;2026;-22;;;;;2025.0;-439442
-1;22700;RAINFOREST_RESIN;9996;2;9995;24;;;10004;-2;10005;-24;;;10000.0;-449440
-1;22700;KELP;2023;25;;;;;2026;-26;;;;;2024.5;-449440
-1;22800;RAINFOREST_RESIN;9996;1;9995;27;;;9998;-2;10004;-1;10005;-27;9997.0;-459438
-1;22800;KELP;2023;27;;;;;2026;-28;;;;;2024.5;-459438
-1;22900;RAINFOREST_RESIN;9996;2;9995;30;;;10002;-8;10004;-2;10005;-30;9999.0;-479434
-1;22900;KELP;2023;2;2022;30;;;2026;-32;;;;;2024.5;-479434
-1;23000;RAINFOREST_RESIN;9996;1;9995;21;;;10004;-1;10005;-21;;;10000.0;-499430
-1;23000;KELP;2022;22;;;;;2026;-22;;;;;2024.0;-499430
-1;23100;RAINFOREST_RESIN;9998;8;9995;23;;;10005;-23;;;;;10001.5;-499430
-1;23100;KELP;2023;23;;;;;2026;-23;;;;;2024.5;-499430
-1;23200;RAINFOREST_RESIN;9998;5;9996;2;9995;29;10004;-2;10005;-29;;;10001.0;-499430
-1;23200;KELP;2023;2;2022;29;;;2024;-3;2026;-31;;;2023.5;-499430
-1;23300;RAINFOREST_RESIN;9996;1;9995;29;;;10004;-1;10005;-29;;;10000.0;-499430
-1;23300;KELP;2023;30;;;;;2026;-30;;;;;2024.5;-499430
-1;23400;RAINFOREST_RESIN;9996;1;9995;29;;;10004;-1;10005;-29;;;10000.0;-499430
-1;23400;KELP;2023;30;;;;;2026;-30;;;;;2024.5;-499430
-1;23500;RAINFOREST_RESIN;9998;8;9996;2;9995;28;10004;-2;10005;-28;;;10001.0;-499430
-1;23500;KELP;2023;29;;;;;2025;-4;2026;-30;;;2024.0;-499430
-1;23600;RAINFOREST_RESIN;9995;27;;;;;10005;-27;;;;;10000.0;-499430
-1;23600;KELP;2022;27;;;;;2026;-27;;;;;2024.0;-499430
-1;23700;RAINFOREST_RESIN;10002;0;9996;2;9995;21;10004;-2;10005;-21;;;10003.0;-489428
-1;23700;KELP;2023;2;2022;21;;;2025;-7;2026;-23;;;2024.0;-489428
-1;23800;RAINFOREST_RESIN;9995;30;;;;;10005;-30;;;;;10000.0;-479428
-1;23800;KELP;2024;1;2022;30;;;2026;-30;;;;;2025.0;-479428
-1;23900;RAINFOREST_RESIN;9995;30;;;;;10005;-30;;;;;10000.0;-469428
-1;23900;KELP;2025;1;2023;1;2022;30;2026;-30;;;;;2025.5;-469428
-1;24000;RAINFOREST_RESIN;9998;9;9995;29;;;10005;-29;;;;;10001.5;-459428
-1;24000;KELP;2022;29;;;;;2026;-29;;;;;2024.0;-459428
-1;24100;RAINFOREST_RESIN;9996;1;9995;25;;;10004;-1;10005;-25;;;10000.0;-449428
-1;24100;KELP;2023;1;2022;25;;;2025;-3;2026;-26;;;2024.0;-449428
-1;24200;RAINFOREST_RESIN;9996;2;9995;28;;;10002;-6;10004;-2;10005;-28;9999.0;-499418
-1;24200;KELP;2023;30;;;;;2026;-30;;;;;2024.5;-499418
-1;24300;RAINFOREST_RESIN;9996;2;9995;24;;;10002;-1;10004;-2;10005;-24;9999.0;-499418
-1;24300;KELP;2023;26;;;;;2026;-26;;;;;2024.5;-499418
-1;24400;RAINFOREST_RESIN;10002;0;9998;4;9996;1;10004;-1;10005;-21;;;10003.0;-489416
-1;24400;KELP;2025;1;2023;22;;;2026;-22;;;;;2025.5;-489416
-1;24500;RAINFOREST_RESIN;10002;0;9996;1;9995;25;10004;-1;10005;-25;;;10003.0;-489412
-1;24500;KELP;2022;26;;;;;2026;-26;;;;;2024.0;-489412
-1;24600;RAINFOREST_RESIN;9995;24;;;;;9998;-2;10005;-24;;;9996.5;-479412
-1;24600;KELP;2022;24;;;;;2024;-2;2026;-24;;;2023.0;-479412
-1;24700;RAINFOREST_RESIN;9995;25;;;;;10005;-25;;;;;10000.0;-499408
-1;24700;KELP;2023;25;;;;;2026;-25;;;;;2024.5;-499408
-1;24800;RAINFOREST_RESIN;9995;23;;;;;10005;-23;;;;;10000.0;-499408
-1;24800;KELP;2022;23;;;;;2026;-23;;;;;2024.0;-499408
-1;24900;RAINFOREST_RESIN;10002;0;9996;1;9995;22;10004;-1;10005;-22;;;10003.0;-489406
-1;24900;KELP;2024;4;2022;23;;;2026;-23;;;;;2025.0;-489406
-1;25000;RAINFOREST_RESIN;9995;23;;;;;10005;-23;;;;;10000.0;-499404
-1;25000;KELP;2023;23;;;;;2026;-23;;;;;2024.5;-499404
-1;25100;RAINFOREST_RESIN;10002;0;9995;25;;;10005;-25;;;;;10003.5;-489402
-1;25100;KELP;2022;25;;;;;2024;-4;2026;-25;;;2023.0;-489402
-1;25200;RAINFOREST_RESIN;9996;1;9995;24;;;9998;-5;10004;-1;10005;-24;9997.0;-489400
-1;25200;KELP;2023;1;2022;24;;;2025;-3;2026;-25;;;2024.0;-489400
-1;25300;RAINFOREST_RESIN;9996;2;9995;22;;;10004;-2;10005;-22;;;10000.0;-489398
-1;25300;KELP;2023;4;2022;22;;;2026;-24;;;;;2024.5;-489398
-1;25400;RAINFOREST_RESIN;9996;1;9995;29;;;10004;-1;10005;-29;;;10000.0;-489396
-1;25400;KELP;2025;8;2023;30;;;2026;-30;;;;;2025.5;-489396
-1;25500;RAINFOREST_RESIN;9996;1;9995;20;;;9998;-6;10002;-9;10004;-1;9997.0;-489394
-1;25500;KELP;2022;21;;;;;2025;-21;;;;;2023.5;-489394
-1;25600;RAINFOREST_RESIN;9996;1;9995;22;;;10002;-7;10004;-1;10005;-22;9999.0;-489392
-1;25600;KELP;2023;31;;;;;2026;-23;;;;;2024.5;-489392
-1;25700;RAINFOREST_RESIN;9996;2;9995;30;;;10004;-2;10005;-30;;;10000.0;-489390
-1;25700;KELP;2023;32;;;;;2025;-6;2026;-32;;;2024.0;-489390
-1;25800;RAINFOREST_RESIN;10002;0;9995;24;;;10005;-24;;;;;10003.5;-429382
-1;25800;KELP;2023;23;;;;;2026;-24;;;;;2024.5;-429382
-1;25900;RAINFOREST_RESIN;9996;2;9995;23;;;10004;-2;10005;-23;;;10000.0;-409382
-1;25900;KELP;2023;25;;;;;2026;-25;;;;;2024.5;-409382
-1;26000;RAINFOREST_RESIN;9996;2;9995;27;;;10004;-2;10005;-27;;;10000.0;-389382
-1;26000;KELP;2023;22;;;;;2026;-29;;;;;2024.5;-389382
-1;26100;RAINFOREST_RESIN;9998;7;9995;20;;;10005;-20;;;;;10001.5;-369382
-1;26100;KELP;2023;20;;;;;2026;-20;;;;;2024.5;-369382
-1;26200;RAINFOREST_RESIN;9996;1;9995;22;;;10004;-1;10005;-22;;;10000.0;-349382
-1;26200;KELP;2023;23;;;;;2026;-23;;;;;2024.5;-349382
-1;26300;RAINFOREST_RESIN;9996;1;9995;29;;;9998;-1;10004;-1;10005;-29;9997.0;-329382
-1;26300;KELP;2023;30;;;;;2026;-30;;;;;2024.5;-329382
-1;26400;RAINFOREST_RESIN;9995;22;;;;;10005;-22;;;;;10000.0;-339380
-1;26400;KELP;2023;27;;;;;2026;-22;;;;;2024.5;-339380
-1;26500;RAINFOREST_RESIN;9996;1;9995;23;;;10004;-1;10005;-23;;;10000.0;-349378
-1;26500;KELP;2023;24;;;;;2026;-24;;;;;2024.5;-349378
-1;26600;RAINFOREST_RESIN;9996;2;9995;28;;;9998;-1;10004;-2;10005;-28;9997.0;-359376
-1;26600;KELP;2023;36;;;;;2026;-30;;;;;2024.5;-359376
-1;26700;RAINFOREST_RESIN;9998;2;9996;1;9995;23;10004;-1;10005;-23;;;10001.0;-369374
-1;26700;KELP;2023;24;;;;;2025;-6;2026;-24;;;2024.0;-369374
-1;26800;RAINFOREST_RESIN;9996;2;9995;28;;;10004;-2;10005;-28;;;10000.0;-379372
-1;26800;KELP;2025;1;2023;30;;;2026;-30;;;;;2025.5;-379372
-1;26900;RAINFOREST_RESIN;10002;0;9995;30;;;10005;-30;;;;;10003.5;-379368
-1;26900;KELP;2023;29;;;;;2026;-30;;;;;2024.5;-379368
-1;27000;RAINFOREST_RESIN;9995;28;;;;;10002;-1;10005;-28;;;9998.5;-389366
-1;27000;KELP;2023;30;;;;;2026;-28;;;;;2024.5;-389366
-1;27100;RAINFOREST_RESIN;9995;24;;;;;10005;-24;;;;;10000.0;-399364
-1;27100;KELP;2023;27;;;;;2026;-24;;;;;2024.5;-399364
-1;27200;RAINFOREST_RESIN;9998;2;9995;21;;;10005;-21;;;;;10001.5;-409362
-1;27200;KELP;2023;21;;;;;2025;-2;2026;-21;;;2024.0;-409362
-1;27300;RAINFOREST_RESIN;9996;2;9995;29;;;10004;-2;10005;-29;;;10000.0;-419360
-1;27300;KELP;2025;1;2023;31;;;2026;-31;;;;;2025.5;-419360
-1;27400;RAINFOREST_RESIN;9995;21;;;;;10005;-21;;;;;10000.0;-429358
-1;27400;KELP;2023;21;;;;;2026;-21;;;;;2024.5;-429358
-1;27500;RAINFOREST_RESIN;9996;1;9995;22;;;10004;-1;10005;-22;;;10000.0;-439356
-1;27500;KELP;2023;23;;;;;2025;-6;2026;-23;;;2024.0;-439356
-1;27600;RAINFOREST_RESIN;9998;5;9995;24;;;10005;-24;;;;;10001.5;-479348
-1;27600;KELP;2023;30;;;;;2026;-24;;;;;2024.5;-479348
-1;27700;RAINFOREST_RESIN;9995;24;;;;;10005;-24;;;;;10000.0;-499344
-1;27700;KELP;2023;19;;;;;2026;-24;;;;;2024.5;-499344
-1;27800;RAINFOREST_RESIN;9998;9;9996;2;9995;26;10004;-2;10005;-26;;;10001.0;-499344
-1;27800;KELP;2023;28;;;;;2025;-3;2026;-28;;;2024.0;-499344
-1;27900;RAINFOREST_RESIN;9996;2;9995;27;;;10002;-4;10004;-2;10005;-27;9999.0;-499344
-1;27900;KELP;2025;1;2023;29;;;2026;-29;;;;;2025.5;-499344
-1;28000;RAINFOREST_RESIN;9998;2;9995;28;;;10005;-28;;;;;10001.5;-499344
-1;28000;KELP;2023;28;;;;;2026;-28;;;;;2024.5;-499344
-1;28100;RAINFOREST_RESIN;9996;2;9995;24;;;10004;-2;10005;-24;;;10000.0;-499344
-1;28100;KELP;2023;26;;;;;2026;-26;;;;;2024.5;-499344
-1;28200;RAINFOREST_RESIN;9996;1;9995;25;;;9998;-2;10004;-1;10005;-25;9997.0;-499344
-1;28200;KELP;2023;26;;;;;2025;-5;2026;-1;2027;-25;2024.0;-499344
-1;28300;RAINFOREST_RESIN;9996;1;9995;23;;;10004;-1;10005;-23;;;10000.0;-499344
-1;28300;KELP;2023;24;;;;;2024;-2;2027;-24;;;2023.5;-499344
-1;28400;RAINFOREST_RESIN;9996;2;9995;23;;;10004;-2;10005;-23;;;10000.0;-499344
-1;28400;KELP;2023;24;;;;;2027;-25;;;;;2025.0;-499344
-1;28500;RAINFOREST_RESIN;9998;10;9995;23;;;10005;-23;;;;;10001.5;-499344
-1;28500;KELP;2023;23;;;;;2027;-23;;;;;2025.0;-499344
-1;28600;RAINFOREST_RESIN;10002;0;9996;2;9995;21;10004;-2;10005;-21;;;10003.0;-489342
-1;28600;KELP;2023;23;;;;;2025;-8;2027;-23;;;2024.0;-489342
-1;28700;RAINFOREST_RESIN;9995;30;;;;;10005;-30;;;;;10000.0;-499340
-1;28700;KELP;2023;30;;;;;2027;-30;;;;;2025.0;-499340
-1;28800;RAINFOREST_RESIN;9995;27;;;;;10005;-27;;;;;10000.0;-499340
-1;28800;KELP;2024;27;;;;;2027;-27;;;;;2025.5;-499340
-1;28900;RAINFOREST_RESIN;9998;7;9996;1;9995;21;10004;-1;10005;-21;;;10001.0;-499340
-1;28900;KELP;2024;26;;;;;2027;-22;;;;;2025.5;-499340
-1;29000;RAINFOREST_RESIN;9995;24;;;;;10005;-24;;;;;10000.0;-499340
-1;29000;KELP;2024;23;;;;;2027;-24;;;;;2025.5;-499340
-1;29100;RAINFOREST_RESIN;9996;2;9995;26;;;10004;-2;10005;-26;;;10000.0;-419340
-1;29100;KELP;2024;31;;;;;2027;-28;;;;;2025.5;-419340
-1;29200;RAINFOREST_RESIN;9996;1;9995;30;;;10004;-1;10005;-30;;;10000.0;-339340
-1;29200;KELP;2026;1;2024;31;;;2027;-31;;;;;2026.5;-339340
-1;29300;RAINFOREST_RESIN;9996;2;9995;30;;;10002;-3;10004;-2;10005;-30;9999.0;-259340
-1;29300;KELP;2024;32;;;;;2026;-2;2027;-32;;;2025.0;-259340
-1;29400;RAINFOREST_RESIN;10002;0;9996;1;9995;25;10004;-1;10005;-25;;;10003.0;-239338
-1;29400;KELP;2024;25;;;;;2027;-26;;;;;2025.5;-239338
-1;29500;RAINFOREST_RESIN;9996;2;9995;27;;;10004;-2;10005;-27;;;10000.0;-229338
-1;29500;KELP;2024;31;;;;;2027;-29;;;;;2025.5;-229338
-1;29600;RAINFOREST_RESIN;9996;2;9995;28;;;10004;-2;10005;-28;;;10000.0;-219338
-1;29600;KELP;2024;2;2023;28;;;2025;-3;2027;-30;;;2024.5;-219338
-1;29700;RAINFOREST_RESIN;9996;1;9995;25;;;10002;-4;10004;-1;10005;-25;9999.0;-209338
-1;29700;KELP;2024;28;;;;;2027;-26;;;;;2025.5;-209338
-1;29800;RAINFOREST_RESIN;9998;6;9996;1;9995;30;10004;-1;10005;-30;;;10001.0;-199338
-1;29800;KELP;2024;31;;;;;2026;-1;2027;-1;2028;-30;2025.0;-199338
-1;29900;RAINFOREST_RESIN;9995;21;;;;;10005;-21;;;;;10000.0;-189338
-1;29900;KELP;2025;8;2024;21;;;2028;-21;;;;;2026.5;-189338
-1;30000;RAINFOREST_RESIN;9998;3;9996;1;9995;30;10004;-1;10005;-30;;;10001.0;-199336
-1;30000;KELP;2024;31;;;;;2028;-31;;;;;2026.0;-199336
-1;30100;RAINFOREST_RESIN;9996;2;9995;28;;;10004;-2;10005;-28;;;10000.0;-239328
-1;30100;KELP;2024;30;;;;;2027;-30;;;;;2025.5;-239328
-1;30200;RAINFOREST_RESIN;9996;2;9995;20;;;10004;-2;10005;-20;;;10000.0;-279320
-1;30200;KELP;2024;22;;;;;2027;-22;;;;;2025.5;-279320
-1;30300;RAINFOREST_RESIN;9996;2;9995;29;;;10002;-9;10004;-2;10005;-29;9999.0;-319312
-1;30300;KELP;2026;1;2024;31;;;2027;-31;;;;;2026.5;-319312
-1;30400;RAINFOREST_RESIN;10000;0;9996;2;9995;29;10002;-8;10004;-2;10005;-29;10001.0;-309304
-1;30400;KELP;2025;5;2024;31;;;2027;-31;;;;;2026.0;-309304
-1;30500;RAINFOREST_RESIN;9998;5;9996;2;9995;20;10004;-2;10005;-20;;;10001.0;-349296
-1;30500;KELP;2024;22;;;;;2027;-22;;;;;2025.5;-349296
-1;30600;RAINFOREST_RESIN;9996;2;9995;20;;;10002;-4;10004;-2;10005;-20;9999.0;-389288
-1;30600;KELP;2024;1;2023;20;;;2027;-22;;;;;2025.5;-389288
-1;30700;RAINFOREST_RESIN;9995;30;;;;;10005;-30;;;;;10000.0;-379288
-1;30700;KELP;2024;30;;;;;2027;-30;;;;;2025.5;-379288
-1;30800;RAINFOREST_RESIN;9996;1;9995;30;;;10004;-1;10005;-30;;;10000.0;-369288
-1;30800;KELP;2024;4;2023;30;;;2027;-31;;;;;2025.5;-369288
-1;30900;RAINFOREST_RESIN;9996;2;9995;28;;;10002;-6;10004;-2;10005;-28;9999.0;-359288
-1;30900;KELP;2023;30;;;;;2025;-7;2026;-30;;;2024.0;-359288
-1;31000;RAINFOREST_RESIN;10000;0;9996;1;9995;22;10004;-1;10005;-22;;;10002.0;-309288
-1;31000;KELP;2024;4;2023;30;;;2026;-23;;;;;2025.0;-309288
-1;31100;RAINFOREST_RESIN;9996;2;9995;27;;;10004;-2;10005;-27;;;10000.0;-299288
-1;31100;KELP;2023;29;;;;;2026;-2;2027;-27;;;2024.5;-299288
-1;31200;RAINFOREST_RESIN;9996;2;9995;29;;;10002;-6;10004;-2;10005;-29;9999.0;-289288
-1;31200;KELP;2023;31;;;;;2026;-31;;;;;2024.5;-289288
-1;31300;RAINFOREST_RESIN;9996;1;9995;23;;;10004;-1;10005;-23;;;10000.0;-279288
-1;31300;KELP;2023;24;;;;;2026;-24;;;;;2024.5;-279288
-1;31400;RAINFOREST_RESIN;9995;26;;;;;9998;-1;10005;-26;;;9996.5;-269288
-1;31400;KELP;2023;26;;;;;2026;-26;;;;;2024.5;-269288
-1;31500;RAINFOREST_RESIN;9995;30;;;;;10005;-30;;;;;10000.0;-259288
-1;31500;KELP;2023;35;;;;;2026;-30;;;;;2024.5;-259288
-1;31600;RAINFOREST_RESIN;9995;27;;;;;10005;-27;;;;;10000.0;-249288
-1;31600;KELP;2025;1;2023;27;;;2026;-27;;;;;2025.5;-249288
-1;31700;RAINFOREST_RESIN;9996;2;9995;22;;;10004;-2;10005;-22;;;10000.0;-239288
-1;31700;KELP;2023;24;;;;;2025;-3;2026;-24;;;2024.0;-239288
-1;31800;RAINFOREST_RESIN;10000;0;9996;1;9995;25;10004;-1;10005;-25;;;10002.0;-169288
-1;31800;KELP;2024;6;2023;26;;;2026;-1;2027;-25;;;2025.0;-169288
-1;31900;RAINFOREST_RESIN;9998;3;9995;28;;;10005;-28;;;;;10001.5;-159288
-1;31900;KELP;2024;4;2023;28;;;2027;-28;;;;;2025.5;-159288
-1;32000;RAINFOREST_RESIN;9996;1;9995;24;;;10004;-1;10005;-24;;;10000.0;-139288
-1;32000;KELP;2024;2;2023;25;;;2026;-1;2027;-24;;;2025.0;-139288
-1;32100;RAINFOREST_RESIN;9996;1;9995;28;;;10004;-1;10005;-28;;;10000.0;-119288
-1;32100;KELP;2023;29;;;;;2026;-29;;;;;2024.5;-119288
-1;32200;RAINFOREST_RESIN;9996;1;9995;27;;;10004;-1;10005;-27;;;10000.0;-99288
-1;32200;KELP;2023;28;;;;;2027;-28;;;;;2025.0;-99288
-1;32300;RAINFOREST_RESIN;9995;25;;;;;10005;-25;;;;;10000.0;-79288
-1;32300;KELP;2023;25;;;;;2026;-25;;;;;2024.5;-79288
-1;32400;RAINFOREST_RESIN;9996;1;9995;30;;;10004;-1;10005;-30;;;10000.0;-59288
-1;32400;KELP;2023;30;;;;;2026;-1;2027;-30;;;2024.5;-59288
-1;32500;RAINFOREST_RESIN;9998;1;9996;1;9995;21;10004;-1;10005;-21;;;10001.0;-39288
-1;32500;KELP;2023;21;;;;;2025;-5;2027;-22;;;2024.0;-39288
-1;32600;RAINFOREST_RESIN;10002;0;9995;30;;;10005;-30;;;;;10003.5;-9286
-1;32600;KELP;2023;30;;;;;2027;-30;;;;;2025.0;-9286
-1;32700;RAINFOREST_RESIN;9996;2;9995;22;;;10004;-2;10005;-22;;;10000.0;20714
-1;32700;KELP;2023;24;;;;;2026;-2;2027;-22;;;2024.5;20714
-1;32800;RAINFOREST_RESIN;9996;2;9995;28;;;10004;-2;10005;-28;;;10000.0;50720
-1;32800;KELP;2023;30;;;;;2026;-2;2027;-28;;;2024.5;50720
-1;32900;RAINFOREST_RESIN;9996;2;9995;27;;;10004;-2;10005;-27;;;10000.0;30720
-1;32900;KELP;2023;29;;;;;2026;-2;2027;-27;;;2024.5;30720
-1;33000;RAINFOREST_RESIN;9996;2;9995;28;;;10004;-2;10005;-28;;;10000.0;90732
-1;33000;KELP;2025;1;2023;30;;;2026;-30;;;;;2025.5;90732
-1;33100;RAINFOREST_RESIN;9996;1;9995;28;;;10004;-1;10005;-28;;;10000.0;150744
-1;33100;KELP;2023;28;;;;;2025;-3;2026;-29;;;2024.0;150744
-1;33200;RAINFOREST_RESIN;9996;1;9995;20;;;10002;-7;10004;-1;10005;-20;9999.0;210756
-1;33200;KELP;2023;20;;;;;2024;-10;2026;-1;2027;-20;2023.5;210756
-1;33300;RAINFOREST_RESIN;9996;1;9995;20;;;10004;-1;10005;-20;;;10000.0;270768
-1;33300;KELP;2024;1;2023;20;;;2027;-21;;;;;2025.5;270768
-1;33400;RAINFOREST_RESIN;9996;2;9995;30;;;10002;-3;10004;-2;10005;-30;9999.0;330780
-1;33400;KELP;2023;32;;;;;2027;-32;;;;;2025.0;330780
-1;33500;RAINFOREST_RESIN;9996;1;9995;20;;;10004;-1;10005;-20;;;10000.0;390792
-1;33500;KELP;2023;21;;;;;2026;-21;;;;;2024.5;390792
-1;33600;RAINFOREST_RESIN;10002;0;9995;27;;;10005;-27;;;;;10003.5;460806
-1;33600;KELP;2023;27;;;;;2026;-27;;;;;2024.5;460806
-1;33700;RAINFOREST_RESIN;9996;1;9995;27;;;10002;-1;10004;-1;10005;-27;9999.0;500814
-1;33700;KELP;2023;32;;;;;2026;-28;;;;;2024.5;500814
-1;33800;RAINFOREST_RESIN;9996;1;9995;25;;;10004;-1;10005;-25;;;10000.0;500814
-1;33800;KELP;2024;3;2023;31;;;2026;-26;;;;;2025.0;500814
-1;33900;RAINFOREST_RESIN;9995;24;;;;;10005;-24;;;;;10000.0;500814
-1;33900;KELP;2023;24;;;;;2026;-24;;;;;2024.5;500814
-1;34000;RAINFOREST_RESIN;10002;1;9995;30;;;10005;-30;;;;;10003.5;500814
-1;34000;KELP;2023;29;;;;;2025;-8;2026;-30;;;2024.0;500814
-1;34100;RAINFOREST_RESIN;9996;1;9995;22;;;10004;-1;10005;-22;;;10000.0;500814
-1;34100;KELP;2023;25;;;;;2026;-23;;;;;2024.5;500814
-1;34200;RAINFOREST_RESIN;9995;23;;;;;10005;-23;;;;;10000.0;470814
-1;34200;KELP;2022;23;;;;;2024;-1;2026;-23;;;2023.0;470814
-1;34300;RAINFOREST_RESIN;10002;0;9996;1;9995;22;10004;-1;10005;-22;;;10003.0;450816
-1;34300;KELP;2022;23;;;;;2026;-23;;;;;2024.0;450816
-1;34400;RAINFOREST_RESIN;9996;2;9995;23;;;10004;-2;10005;-23;;;10000.0;460818
-1;34400;KELP;2023;3;2022;25;;;2025;-2;2026;-23;;;2024.0;460818
-1;34500;RAINFOREST_RESIN;9995;30;;;;;10005;-30;;;;;10000.0;470820
-1;34500;KELP;2022;30;;;;;2023;-5;2024;-1;2026;-30;2022.5;470820
-1;34600;RAINFOREST_RESIN;9995;29;;;;;10005;-29;;;;;10000.0;480822
-1;34600;KELP;2022;29;;;;;2023;-1;2026;-29;;;2022.5;480822
-1;34700;RAINFOREST_RESIN;9998;6;9995;24;;;10005;-24;;;;;10001.5;490824
-1;34700;KELP;2023;24;;;;;2026;-24;;;;;2024.5;490824
-1;34800;RAINFOREST_RESIN;9996;2;9995;23;;;10004;-2;10005;-23;;;10000.0;500826
-1;34800;KELP;2023;2;2022;23;;;2026;-25;;;;;2024.5;500826
-1;34900;RAINFOREST_RESIN;9996;1;9995;20;;;10004;-1;10005;-20;;;10000.0;500826
-1;34900;KELP;2023;21;;;;;2026;-21;;;;;2024.5;500826
-1;35000;RAINFOREST_RESIN;10002;1;9995;20;;;10005;-20;;;;;10003.5;500826
-1;35000;KELP;2025;1;2023;20;;;2026;-20;;;;;2025.5;500826
-1;35100;RAINFOREST_RESIN;10002;3;9996;2;9995;29;10004;-2;10005;-29;;;10003.0;500826
-1;35100;KELP;2023;31;;;;;2026;-31;;;;;2024.5;500826
-1;35200;RAINFOREST_RESIN;9996;2;9995;28;;;10002;-10;10004;-2;10005;-28;9999.0;500826
-1;35200;KELP;2023;33;;;;;2026;-30;;;;;2024.5;500826
-1;35300;RAINFOREST_RESIN;9998;6;9996;1;9995;27;10004;-1;10005;-27;;;10001.0;500826
-1;35300;KELP;2023;20;;;;;2026;-28;;;;;2024.5;500826
-1;35400;RAINFOREST_RESIN;10002;3;9995;25;;;10005;-25;;;;;10003.5;500826
-1;35400;KELP;2025;1;2023;27;;;2026;-25;;;;;2025.5;500826
-1;35500;RAINFOREST_RESIN;9996;2;9995;26;;;10004;-2;10005;-26;;;10000.0;500826
-1;35500;KELP;2023;28;;;;;2026;-28;;;;;2024.5;500826
-1;35600;RAINFOREST_RESIN;9995;26;;;;;10005;-26;;;;;10000.0;500826
-1;35600;KELP;2023;26;;;;;2026;-26;;;;;2024.5;500826
-1;35700;RAINFOREST_RESIN;9996;2;9995;27;;;10004;-2;10005;-27;;;10000.0;500826
-1;35700;KELP;2023;29;;;;;2026;-29;;;;;2024.5;500826
-1;35800;RAINFOREST_RESIN;9998;7;9996;1;9995;30;10004;-1;10005;-30;;;10001.0;500826
-1;35800;KELP;2023;29;;;;;2026;-31;;;;;2024.5;500826
-1;35900;RAINFOREST_RESIN;9996;2;9995;21;;;10004;-2;10005;-21;;;10000.0;500826
-1;35900;KELP;2023;2;2022;21;;;2026;-23;;;;;2024.5;500826
-1;36000;RAINFOREST_RESIN;9995;30;;;;;10002;-5;10005;-30;;;9998.5;500826
-1;36000;KELP;2022;30;;;;;2024;-3;2026;-30;;;2023.0;500826
-1;36100;RAINFOREST_RESIN;10002;8;9996;2;9995;24;10004;-2;10005;-24;;;10003.0;500826
-1;36100;KELP;2022;26;;;;;2025;-2;2026;-24;;;2023.5;500826
-1;36200;RAINFOREST_RESIN;9996;1;9995;29;;;9998;-1;10004;-1;10005;-29;9997.0;500826
-1;36200;KELP;2022;30;;;;;2025;-1;2026;-29;;;2023.5;500826
-1;36300;RAINFOREST_RESIN;9996;1;9995;21;;;10004;-1;10005;-21;;;10000.0;490826
-1;36300;KELP;2022;22;;;;;2024;-6;2025;-22;;;2023.0;490826
-1;36400;RAINFOREST_RESIN;9998;1;9996;1;9995;20;10004;-1;10005;-20;;;10001.0;480826
-1;36400;KELP;2024;1;2023;3;2022;21;2025;-1;2026;-20;;;2024.5;480826
-1;36500;RAINFOREST_RESIN;9995;25;;;;;10005;-25;;;;;10000.0;470826
-1;36500;KELP;2022;25;;;;;2023;-2;2025;-25;;;2022.5;470826
-1;36600;RAINFOREST_RESIN;9996;1;9995;28;;;10004;-1;10005;-28;;;10000.0;460826
-1;36600;KELP;2022;29;;;;;2025;-29;;;;;2023.5;460826
-1;36700;RAINFOREST_RESIN;9995;21;;;;;10005;-21;;;;;10000.0;450826
-1;36700;KELP;2021;21;;;;;2025;-21;;;;;2023.0;450826
-1;36800;RAINFOREST_RESIN;9995;30;;;;;10005;-30;;;;;10000.0;440826
-1;36800;KELP;2021;30;;;;;2025;-30;;;;;2023.0;440826
-1;36900;RAINFOREST_RESIN;9996;1;9995;26;;;10004;-1;10005;-26;;;10000.0;430826
-1;36900;KELP;2021;27;;;;;2024;-27;;;;;2022.5;430826
-1;37000;RAINFOREST_RESIN;9996;2;9995;23;;;10004;-2;10005;-23;;;10000.0;420826
-1;37000;KELP;2020;25;;;;;2024;-25;;;;;2022.0;420826
-1;37100;RAINFOREST_RESIN;9996;2;9995;21;;;10004;-2;10005;-21;;;10000.0;410826
-1;37100;KELP;2021;27;;;;;2024;-23;;;;;2022.5;410826
-1;37200;RAINFOREST_RESIN;9996;1;9995;20;;;10004;-1;10005;-20;;;10000.0;400826
-1;37200;KELP;2021;25;;;;;2024;-21;;;;;2022.5;400826
-1;37300;RAINFOREST_RESIN;9996;1;9995;27;;;9998;-10;10002;-4;10004;-1;9997.0;390826
-1;37300;KELP;2022;4;2021;28;;;2024;-1;2025;-27;;;2023.0;390826
-1;37400;RAINFOREST_RESIN;10002;0;9998;2;9995;30;10005;-30;;;;;10003.5;390828
-1;37400;KELP;2021;30;;;;;2024;-30;;;;;2022.5;390828
-1;37500;RAINFOREST_RESIN;9996;2;9995;25;;;10004;-2;10005;-25;;;10000.0;380828
-1;37500;KELP;2020;27;;;;;2024;-27;;;;;2022.0;380828
-1;37600;RAINFOREST_RESIN;9995;22;;;;;10002;-7;10005;-22;;;9998.5;370828
-1;37600;KELP;2020;22;;;;;2024;-22;;;;;2022.0;370828
-1;37700;RAINFOREST_RESIN;9996;1;9995;23;;;10004;-1;10005;-23;;;10000.0;360828
-1;37700;KELP;2020;24;;;;;2024;-24;;;;;2022.0;360828
-1;37800;RAINFOREST_RESIN;9995;25;;;;;10005;-25;;;;;10000.0;350828
-1;37800;KELP;2020;24;;;;;2024;-25;;;;;2022.0;350828
-1;37900;RAINFOREST_RESIN;9995;25;;;;;10005;-25;;;;;10000.0;340828
-1;37900;KELP;2019;25;;;;;2023;-25;;;;;2021.0;340828
-1;38000;RAINFOREST_RESIN;10002;0;9996;2;9995;30;10004;-2;10005;-30;;;10003.0;340830
-1;38000;KELP;2019;32;;;;;2021;-4;2023;-32;;;2020.0;340830
-1;38100;RAINFOREST_RESIN;9996;2;9995;26;;;10002;-2;10004;-2;10005;-26;9999.0;330830
-1;38100;KELP;2019;28;;;;;2022;-2;2023;-26;;;2020.5;330830
-1;38200;RAINFOREST_RESIN;9996;1;9995;27;;;10004;-1;10005;-27;;;10000.0;320830
-1;38200;KELP;2019;28;;;;;2023;-28;;;;;2021.0;320830
-1;38300;RAINFOREST_RESIN;9998;5;9995;26;;;10005;-26;;;;;10001.5;310830
-1;38300;KELP;2019;26;;;;;2022;-26;;;;;2020.5;310830
-1;38400;RAINFOREST_RESIN;9996;1;9995;23;;;10000;-6;10004;-1;10005;-23;9998.0;300830
-1;38400;KELP;2019;24;;;;;2020;-6;2022;-24;;;2019.5;300830
-1;38500;RAINFOREST_RESIN;10002;0;9995;21;;;10005;-21;;;;;10003.5;300832
-1;38500;KELP;2019;21;;;;;2022;-21;;;;;2020.5;300832
-1;38600;RAINFOREST_RESIN;9996;2;9995;28;;;10004;-2;10005;-28;;;10000.0;310834
-1;38600;KELP;2019;30;;;;;2022;-30;;;;;2020.5;310834
-1;38700;RAINFOREST_RESIN;9995;20;;;;;10005;-20;;;;;10000.0;300834
-1;38700;KELP;2019;20;;;;;2022;-20;;;;;2020.5;300834
-1;38800;RAINFOREST_RESIN;9996;1;9995;20;;;10002;-1;10004;-1;10005;-20;9999.0;290834
-1;38800;KELP;2019;21;;;;;2020;-2;2021;-1;2022;-21;2019.5;290834
-1;38900;RAINFOREST_RESIN;9996;2;9995;30;;;10004;-2;10005;-30;;;10000.0;280834
-1;38900;KELP;2019;32;;;;;2021;-7;2022;-2;2023;-30;2020.0;280834
-1;39000;RAINFOREST_RESIN;9995;23;;;;;10002;-9;10005;-23;;;9998.5;270834
-1;39000;KELP;2019;23;;;;;2023;-23;;;;;2021.0;270834
-1;39100;RAINFOREST_RESIN;9998;8;9996;1;9995;24;10004;-1;10005;-24;;;10001.0;260834
-1;39100;KELP;2020;25;;;;;2023;-25;;;;;2021.5;260834
-1;39200;RAINFOREST_RESIN;9996;1;9995;29;;;10004;-1;10005;-29;;;10000.0;250834
-1;39200;KELP;2020;30;;;;;2022;-2;2023;-30;;;2021.0;250834
-1;39300;RAINFOREST_RESIN;9995;27;;;;;10005;-27;;;;;10000.0;240834
-1;39300;KELP;2020;27;;;;;2023;-27;;;;;2021.5;240834
-1;39400;RAINFOREST_RESIN;9996;1;9995;30;;;10004;-1;10005;-30;;;10000.0;230834
-1;39400;KELP;2020;31;;;;;2022;-5;2023;-31;;;2021.0;230834
-1;39500;RAINFOREST_RESIN;9995;27;;;;;9998;-1;10002;-2;10005;-27;9996.5;240836
-1;39500;KELP;2019;27;;;;;2021;-3;2022;-27;;;2020.0;240836
-1;39600;RAINFOREST_RESIN;9995;23;;;;;10005;-23;;;;;10000.0;230836
-1;39600;KELP;2021;4;2019;23;;;2023;-23;;;;;2022.0;230836
-1;39700;RAINFOREST_RESIN;9996;2;9995;22;;;10004;-2;10005;-22;;;10000.0;220836
-1;39700;KELP;2019;28;;;;;2022;-2;2023;-22;;;2020.5;220836
-1;39800;RAINFOREST_RESIN;9996;1;9995;27;;;10004;-1;10005;-27;;;10000.0;210836
-1;39800;KELP;2019;28;;;;;2022;-1;2023;-27;;;2020.5;210836
-1;39900;RAINFOREST_RESIN;9996;1;9995;30;;;10002;-4;10004;-1;10005;-30;9999.0;200836
-1;39900;KELP;2019;31;;;;;2022;-31;;;;;2020.5;200836
-1;40000;RAINFOREST_RESIN;9995;22;;;;;10005;-22;;;;;10000.0;190836
-1;40000;KELP;2018;22;;;;;2022;-22;;;;;2020.0;190836
-1;40100;RAINFOREST_RESIN;9996;2;9995;29;;;10002;-8;10004;-2;10005;-29;9999.0;180836
-1;40100;KELP;2019;31;;;;;2022;-31;;;;;2020.5;180836
-1;40200;RAINFOREST_RESIN;9996;1;9995;28;;;10004;-1;10005;-28;;;10000.0;170836
-1;40200;KELP;2019;1;2018;28;;;2022;-29;;;;;2020.5;170836
-1;40300;RAINFOREST_RESIN;9995;22;;;;;9998;-1;10005;-22;;;9996.5;160836
-1;40300;KELP;2019;22;;;;;2022;-22;;;;;2020.5;160836
-1;40400;RAINFOREST_RESIN;9996;1;9995;23;;;10004;-1;10005;-23;;;10000.0;150836
-1;40400;KELP;2018;24;;;;;2022;-24;;;;;2020.0;150836
-1;40500;RAINFOREST_RESIN;10002;0;9996;2;9995;27;10004;-2;10005;-27;;;10003.0;150838
-1;40500;KELP;2019;1;2018;27;;;2022;-29;;;;;2020.5;150838
-1;40600;RAINFOREST_RESIN;9996;2;9995;24;;;10004;-2;10005;-24;;;10000.0;140838
-1;40600;KELP;2019;4;2018;26;;;2022;-26;;;;;2020.5;140838
-1;40700;RAINFOREST_RESIN;9998;7;9996;2;9995;20;10004;-2;10005;-20;;;10001.0;130838
-1;40700;KELP;2018;22;;;;;2021;-22;;;;;2019.5;130838
-1;40800;RAINFOREST_RESIN;9995;27;;;;;10005;-27;;;;;10000.0;120838
-1;40800;KELP;2018;27;;;;;2021;-27;;;;;2019.5;120838
-1;40900;RAINFOREST_RESIN;9998;10;9996;2;9995;26;10004;-2;10005;-26;;;10001.0;110838
-1;40900;KELP;2017;28;;;;;2021;-28;;;;;2019.0;110838
-1;41000;RAINFOREST_RESIN;9995;21;;;;;10002;-10;10005;-21;;;9998.5;220860
-1;41000;KELP;2018;20;;;;;2020;-3;2021;-21;;;2019.0;220860
-1;41100;RAINFOREST_RESIN;9995;27;;;;;10005;-27;;;;;10000.0;330882
-1;41100;KELP;2018;24;;;;;2021;-27;;;;;2019.5;330882
-1;41200;RAINFOREST_RESIN;9995;29;;;;;10005;-29;;;;;10000.0;440904
-1;41200;KELP;2018;29;;;;;2021;-29;;;;;2019.5;440904
-1;41300;RAINFOREST_RESIN;9998;2;9996;1;9995;24;10004;-1;10005;-24;;;10001.0;500916
-1;41300;KELP;2017;25;;;;;2019;-4;2021;-25;;;2018.0;500916
-1;41400;RAINFOREST_RESIN;9998;5;9996;2;9995;23;10000;-4;10004;-2;10005;-23;9999.0;500916
-1;41400;KELP;2017;25;;;;;2018;-4;2019;-5;2020;-25;2017.5;500916
-1;41500;RAINFOREST_RESIN;9998;8;9996;2;9995;20;10004;-2;10005;-20;;;10001.0;500916
-1;41500;KELP;2017;22;;;;;2019;-1;2021;-22;;;2018.0;500916
-1;41600;RAINFOREST_RESIN;9996;1;9995;22;;;10004;-1;10005;-22;;;10000.0;500916
-1;41600;KELP;2017;23;;;;;2019;-7;2020;-1;2021;-22;2018.0;500916
-1;41700;RAINFOREST_RESIN;10000;5;9995;21;;;10005;-21;;;;;10002.5;500916
-1;41700;KELP;2019;4;2017;21;;;2021;-21;;;;;2020.0;500916
-1;41800;RAINFOREST_RESIN;9996;2;9995;22;;;10004;-2;10005;-22;;;10000.0;500916
-1;41800;KELP;2018;24;;;;;2021;-24;;;;;2019.5;500916
-1;41900;RAINFOREST_RESIN;9996;1;9995;21;;;9998;-4;10004;-1;10005;-21;9997.0;500916
-1;41900;KELP;2018;22;;;;;2020;-1;2021;-22;;;2019.0;500916
-1;42000;RAINFOREST_RESIN;9996;2;9995;30;;;10004;-2;10005;-30;;;10000.0;500916
-1;42000;KELP;2018;31;;;;;2020;-5;2021;-32;;;2019.0;500916
-1;42100;RAINFOREST_RESIN;9998;8;9996;2;9995;21;10004;-2;10005;-21;;;10001.0;500916
-1;42100;KELP;2018;23;;;;;2021;-2;2022;-21;;;2019.5;500916
-1;42200;RAINFOREST_RESIN;10002;1;9995;28;;;10005;-28;;;;;10003.5;500916
-1;42200;KELP;2018;28;;;;;2022;-28;;;;;2020.0;500916
-1;42300;RAINFOREST_RESIN;9995;20;;;;;10005;-20;;;;;10000.0;500916
-1;42300;KELP;2018;20;;;;;2019;-7;2020;-2;2022;-20;2018.5;500916
-1;42400;RAINFOREST_RESIN;9996;2;9995;29;;;10004;-2;10005;-29;;;10000.0;500916
-1;42400;KELP;2019;30;;;;;2022;-31;;;;;2020.5;500916
-1;42500;RAINFOREST_RESIN;9995;24;;;;;10002;-3;10005;-24;;;9998.5;500916
-1;42500;KELP;2019;24;;;;;2022;-24;;;;;2020.5;500916
-1;42600;RAINFOREST_RESIN;9995;26;;;;;10005;-26;;;;;10000.0;500916
-1;42600;KELP;2019;26;;;;;2022;-26;;;;;2020.5;500916
-1;42700;RAINFOREST_RESIN;9995;26;;;;;10005;-26;;;;;10000.0;480916
-1;42700;KELP;2018;26;;;;;2022;-26;;;;;2020.0;480916
-1;42800;RAINFOREST_RESIN;9995;30;;;;;10005;-30;;;;;10000.0;460916
-1;42800;KELP;2019;30;;;;;2022;-30;;;;;2020.5;460916
-1;42900;RAINFOREST_RESIN;9995;25;;;;;10005;-25;;;;;10000.0;440916
-1;42900;KELP;2019;25;;;;;2022;-25;;;;;2020.5;440916
-1;43000;RAINFOREST_RESIN;9995;23;;;;;10005;-23;;;;;10000.0;460920
-1;43000;KELP;2020;2;2019;23;;;2023;-23;;;;;2021.5;460920
-1;43100;RAINFOREST_RESIN;9995;21;;;;;10005;-21;;;;;10000.0;480924
-1;43100;KELP;2020;21;;;;;2023;-21;;;;;2021.5;480924
-1;43200;RAINFOREST_RESIN;9996;1;9995;20;;;10004;-1;10005;-20;;;10000.0;500928
-1;43200;KELP;2019;21;;;;;2023;-21;;;;;2021.0;500928
-1;43300;RAINFOREST_RESIN;9996;1;9995;24;;;10004;-1;10005;-24;;;10000.0;500928
-1;43300;KELP;2019;25;;;;;2021;-2;2023;-25;;;2020.0;500928
-1;43400;RAINFOREST_RESIN;9996;2;9995;22;;;10004;-2;10005;-22;;;10000.0;500928
-1;43400;KELP;2021;4;2020;24;;;2023;-24;;;;;2022.0;500928
-1;43500;RAINFOREST_RESIN;9998;7;9995;23;;;10005;-23;;;;;10001.5;500928
-1;43500;KELP;2020;22;;;;;2022;-7;2023;-23;;;2021.0;500928
-1;43600;RAINFOREST_RESIN;9996;2;9995;21;;;10002;-9;10004;-2;10005;-21;9999.0;500928
-1;43600;KELP;2020;5;2019;21;;;2023;-23;;;;;2021.5;500928
-1;43700;RAINFOREST_RESIN;9996;1;9995;23;;;10004;-1;10005;-23;;;10000.0;500928
-1;43700;KELP;2020;24;;;;;2023;-24;;;;;2021.5;500928
-1;43800;RAINFOREST_RESIN;9996;2;9995;26;;;10004;-2;10005;-26;;;10000.0;500928
-1;43800;KELP;2020;35;;;;;2023;-28;;;;;2021.5;500928
-1;43900;RAINFOREST_RESIN;10002;4;9998;2;9996;1;10004;-1;10005;-29;;;10003.0;500928
-1;43900;KELP;2020;36;;;;;2023;-30;;;;;2021.5;500928
-1;44000;RAINFOREST_RESIN;9996;2;9995;20;;;10004;-2;10005;-20;;;10000.0;500928
-1;44000;KELP;2020;22;;;;;2022;-3;2023;-22;;;2021.0;500928
-1;44100;RAINFOREST_RESIN;9995;24;;;;;9998;-1;10002;-2;10005;-24;9996.5;500928
-1;44100;KELP;2019;24;;;;;2023;-24;;;;;2021.0;500928
-1;44200;RAINFOREST_RESIN;9995;21;;;;;10005;-21;;;;;10000.0;500928
-1;44200;KELP;2019;21;;;;;2023;-21;;;;;2021.0;500928
-1;44300;RAINFOREST_RESIN;9995;27;;;;;10005;-27;;;;;10000.0;500928
-1;44300;KELP;2019;27;;;;;2023;-27;;;;;2021.0;500928
-1;44400;RAINFOREST_RESIN;9998;7;9995;28;;;10005;-28;;;;;10001.5;500928
-1;44400;KELP;2018;28;;;;;2022;-28;;;;;2020.0;500928
-1;44500;RAINFOREST_RESIN;9995;21;;;;;10005;-21;;;;;10000.0;500928
-1;44500;KELP;2021;1;2019;2;2018;21;2022;-21;;;;;2021.5;500928
-1;44600;RAINFOREST_RESIN;9996;1;9995;23;;;10004;-1;10005;-23;;;10000.0;500928
-1;44600;KELP;2019;24;;;;;2022;-24;;;;;2020.5;500928
-1;44700;RAINFOREST_RESIN;9995;29;;;;;10002;-10;10005;-29;;;9998.5;500928
-1;44700;KELP;2019;29;;;;;2022;-29;;;;;2020.5;500928
-1;44800;RAINFOREST_RESIN;9995;29;;;;;9998;-1;10002;-10;10005;-29;9996.5;500928
-1;44800;KELP;2018;29;;;;;2022;-29;;;;;2020.0;500928
-1;44900;RAINFOREST_RESIN;9996;1;9995;25;;;10004;-1;10005;-25;;;10000.0;490928
-1;44900;KELP;2019;1;2018;26;;;2022;-26;;;;;2020.5;490928
-1;45000;RAINFOREST_RESIN;10002;0;9996;2;9995;24;10004;-2;10005;-24;;;10003.0;490930
-1;45000;KELP;2018;26;;;;;2022;-26;;;;;2020.0;490930
-1;45100;RAINFOREST_RESIN;9996;1;9995;26;;;10004;-1;10005;-26;;;10000.0;500932
-1;45100;KELP;2019;27;;;;;2021;-5;2022;-27;;;2020.0;500932
-1;45200;RAINFOREST_RESIN;9996;1;9995;28;;;10004;-1;10005;-28;;;10000.0;500932
-1;45200;KELP;2019;29;;;;;2021;-6;2022;-29;;;2020.0;500932
-1;45300;RAINFOREST_RESIN;9995;22;;;;;10005;-22;;;;;10000.0;500932
-1;45300;KELP;2018;26;;;;;2021;-22;;;;;2019.5;500932
-1;45400;RAINFOREST_RESIN;9996;2;9995;21;;;9998;-1;10004;-2;10005;-21;9997.0;500932
-1;45400;KELP;2018;22;;;;;2020;-2;2021;-23;;;2019.0;500932
-1;45500;RAINFOREST_RESIN;9996;1;9995;24;;;10000;-3;10004;-1;10005;-24;9998.0;500932
-1;45500;KELP;2018;25;;;;;2019;-3;2021;-25;;;2018.5;500932
-1;45600;RAINFOREST_RESIN;9995;26;;;;;10002;-5;10005;-26;;;9998.5;500932
-1;45600;KELP;2018;33;;;;;2021;-26;;;;;2019.5;500932
-1;45700;RAINFOREST_RESIN;9995;24;;;;;10005;-24;;;;;10000.0;500932
-1;45700;KELP;2018;24;;;;;2021;-24;;;;;2019.5;500932
-1;45800;RAINFOREST_RESIN;9996;1;9995;27;;;10004;-1;10005;-27;;;10000.0;500932
-1;45800;KELP;2018;27;;;;;2021;-28;;;;;2019.5;500932
-1;45900;RAINFOREST_RESIN;9996;1;9995;30;;;10004;-1;10005;-30;;;10000.0;500932
-1;45900;KELP;2019;4;2018;31;;;2022;-31;;;;;2020.5;500932
-1;46000;RAINFOREST_RESIN;9996;2;9995;24;;;10004;-2;10005;-24;;;10000.0;500932
-1;46000;KELP;2019;2;2018;24;;;2022;-26;;;;;2020.5;500932
-1;46100;RAINFOREST_RESIN;9998;6;9996;2;9995;23;10004;-2;10005;-23;;;10001.0;500932
-1;46100;KELP;2019;25;;;;;2022;-25;;;;;2020.5;500932
-1;46200;RAINFOREST_RESIN;9998;2;9996;1;9995;27;10004;-1;10005;-27;;;10001.0;500932
-1;46200;KELP;2018;28;;;;;2021;-1;2022;-27;;;2019.5;500932
-1;46300;RAINFOREST_RESIN;9996;2;9995;27;;;10004;-2;10005;-27;;;10000.0;500932
-1;46300;KELP;2018;29;;;;;2021;-29;;;;;2019.5;500932
-1;46400;RAINFOREST_RESIN;9995;22;;;;;10005;-22;;;;;10000.0;500932
-1;46400;KELP;2018;22;;;;;2022;-22;;;;;2020.0;500932
-1;46500;RAINFOREST_RESIN;10000;6;9996;1;9995;30;10004;-1;10005;-30;;;10002.0;500932
-1;46500;KELP;2019;6;2018;31;;;2021;-31;;;;;2020.0;500932
-1;46600;RAINFOREST_RESIN;9998;10;9996;1;9995;27;10004;-1;10005;-27;;;10001.0;500932
-1;46600;KELP;2019;3;2018;28;;;2021;-1;2022;-27;;;2020.0;500932
-1;46700;RAINFOREST_RESIN;9995;26;;;;;10005;-26;;;;;10000.0;480932
-1;46700;KELP;2019;26;;;;;2022;-26;;;;;2020.5;480932
-1;46800;RAINFOREST_RESIN;9996;1;9995;21;;;10004;-1;10005;-21;;;10000.0;460932
-1;46800;KELP;2019;22;;;;;2022;-22;;;;;2020.5;460932
-1;46900;RAINFOREST_RESIN;9996;2;9995;30;;;10004;-2;10005;-30;;;10000.0;440932
-1;46900;KELP;2021;1;2019;32;;;2022;-32;;;;;2021.5;440932
-1;47000;RAINFOREST_RESIN;9996;1;9995;20;;;10004;-1;10005;-20;;;10000.0;420932
-1;47000;KELP;2019;21;;;;;2022;-21;;;;;2020.5;420932
-1;47100;RAINFOREST_RESIN;9996;2;9995;24;;;9998;-1;10004;-2;10005;-24;9997.0;400932
-1;47100;KELP;2019;22;;;;;2022;-26;;;;;2020.5;400932
-1;47200;RAINFOREST_RESIN;10002;0;9996;2;9995;28;10004;-2;10005;-28;;;10003.0;400934
-1;47200;KELP;2019;30;;;;;2022;-30;;;;;2020.5;400934
-1;47300;RAINFOREST_RESIN;10002;0;9998;3;9995;25;10005;-25;;;;;10003.5;400936
-1;47300;KELP;2019;25;;;;;2021;-1;2022;-25;;;2020.0;400936
-1;47400;RAINFOREST_RESIN;9995;24;;;;;10002;-9;10005;-24;;;9998.5;390936
-1;47400;KELP;2019;25;;;;;2022;-24;;;;;2020.5;390936
-1;47500;RAINFOREST_RESIN;9995;30;;;;;10002;-1;10005;-30;;;9998.5;430944
-1;47500;KELP;2019;30;;;;;2021;-6;2022;-30;;;2020.0;430944
-1;47600;RAINFOREST_RESIN;9996;1;9995;27;;;10004;-1;10005;-27;;;10000.0;470952
-1;47600;KELP;2019;28;;;;;2022;-28;;;;;2020.5;470952
-1;47700;RAINFOREST_RESIN;9996;1;9995;22;;;10002;-8;10004;-1;10005;-22;9999.0;500958
-1;47700;KELP;2019;23;;;;;2022;-23;;;;;2020.5;500958
-1;47800;RAINFOREST_RESIN;9996;1;9995;22;;;10002;-8;10004;-1;10005;-22;9999.0;500958
-1;47800;KELP;2019;23;;;;;2022;-1;2023;-22;;;2020.5;500958
-1;47900;RAINFOREST_RESIN;10002;1;9995;27;;;10005;-27;;;;;10003.5;500958
-1;47900;KELP;2019;27;;;;;2023;-27;;;;;2021.0;500958
-1;48000;RAINFOREST_RESIN;9995;27;;;;;10005;-27;;;;;10000.0;500958
-1;48000;KELP;2019;27;;;;;2023;-27;;;;;2021.0;500958
-1;48100;RAINFOREST_RESIN;9995;21;;;;;10002;-9;10005;-21;;;9998.5;500958
-1;48100;KELP;2019;22;;;;;2022;-21;;;;;2020.5;500958
-1;48200;RAINFOREST_RESIN;9998;5;9995;25;;;10005;-25;;;;;10001.5;480958
-1;48200;KELP;2019;25;;;;;2022;-25;;;;;2020.5;480958
-1;48300;RAINFOREST_RESIN;9996;1;9995;28;;;9998;-1;10000;-5;10004;-1;9997.0;460958
-1;48300;KELP;2018;29;;;;;2019;-5;2022;-29;;;2018.5;460958
-1;48400;RAINFOREST_RESIN;9995;27;;;;;10002;-7;10005;-27;;;9998.5;440958
-1;48400;KELP;2019;1;2018;27;;;2022;-27;;;;;2020.5;440958
-1;48500;RAINFOREST_RESIN;9995;29;;;;;9998;-1;10005;-29;;;9996.5;420958
-1;48500;KELP;2019;1;2018;29;;;2022;-29;;;;;2020.5;420958
-1;48600;RAINFOREST_RESIN;9996;1;9995;28;;;10004;-1;10005;-28;;;10000.0;400958
-1;48600;KELP;2019;1;2018;29;;;2022;-29;;;;;2020.5;400958
-1;48700;RAINFOREST_RESIN;9996;1;9995;22;;;10004;-1;10005;-22;;;10000.0;390958
-1;48700;KELP;2018;23;;;;;2022;-23;;;;;2020.0;390958
-1;48800;RAINFOREST_RESIN;9996;1;9995;23;;;10004;-1;10005;-23;;;10000.0;380958
-1;48800;KELP;2019;29;;;;;2022;-24;;;;;2020.5;380958
-1;48900;RAINFOREST_RESIN;9995;27;;;;;10005;-27;;;;;10000.0;370958
-1;48900;KELP;2019;34;;;;;2022;-27;;;;;2020.5;370958
-1;49000;RAINFOREST_RESIN;9996;2;9995;30;;;10004;-2;10005;-30;;;10000.0;360958
-1;49000;KELP;2019;39;;;;;2022;-32;;;;;2020.5;360958
-1;49100;RAINFOREST_RESIN;9996;2;9995;30;;;10004;-2;10005;-30;;;10000.0;350958
-1;49100;KELP;2019;40;;;;;2022;-32;;;;;2020.5;350958
-1;49200;RAINFOREST_RESIN;9996;1;9995;20;;;10004;-1;10005;-20;;;10000.0;340958
-1;49200;KELP;2019;21;;;;;2022;-21;;;;;2020.5;340958
-1;49300;RAINFOREST_RESIN;9998;9;9996;1;9995;21;10004;-1;10005;-21;;;10001.0;330958
-1;49300;KELP;2019;21;;;;;2022;-22;;;;;2020.5;330958
-1;49400;RAINFOREST_RESIN;9995;20;;;;;10005;-20;;;;;10000.0;320958
-1;49400;KELP;2021;9;2020;5;2019;20;2022;-20;;;;;2021.5;320958
-1;49500;RAINFOREST_RESIN;9996;2;9995;30;;;10004;-2;10005;-30;;;10000.0;310958
-1;49500;KELP;2019;40;;;;;2022;-32;;;;;2020.5;310958
-1;49600;RAINFOREST_RESIN;9995;24;;;;;10005;-24;;;;;10000.0;300958
-1;49600;KELP;2021;1;2019;24;;;2022;-24;;;;;2021.5;300958
-1;49700;RAINFOREST_RESIN;9998;7;9996;2;9995;26;10004;-2;10005;-26;;;10001.0;290958
-1;49700;KELP;2019;28;;;;;2022;-28;;;;;2020.5;290958
-1;49800;RAINFOREST_RESIN;9996;2;9995;23;;;10004;-2;10005;-23;;;10000.0;280958
-1;49800;KELP;2019;25;;;;;2020;-5;2023;-25;;;2019.5;280958
-1;49900;RAINFOREST_RESIN;9998;3;9995;23;;;10005;-23;;;;;10001.5;220958
-1;49900;KELP;2019;23;;;;;2023;-23;;;;;2021.0;220958
-1;50000;RAINFOREST_RESIN;9996;1;9995;20;;;10004;-1;10005;-20;;;10000.0;180962
-1;50000;KELP;2019;21;;;;;2022;-1;2023;-20;;;2020.5;180962
-1;50100;RAINFOREST_RESIN;9995;24;;;;;10005;-24;;;;;10000.0;140966
-1;50100;KELP;2019;24;;;;;2021;-2;2022;-24;;;2020.0;140966
-1;50200;RAINFOREST_RESIN;9995;24;;;;;10005;-24;;;;;10000.0;100970
-1;50200;KELP;2019;24;;;;;2023;-24;;;;;2021.0;100970
-1;50300;RAINFOREST_RESIN;9995;30;;;;;10002;-10;10005;-30;;;9998.5;60974
-1;50300;KELP;2019;30;;;;;2023;-30;;;;;2021.0;60974
-1;50400;RAINFOREST_RESIN;9998;4;9996;1;9995;22;10000;-2;10004;-1;10005;-22;9999.0;50974
-1;50400;KELP;2019;23;;;;;2021;-3;2023;-23;;;2020.0;50974
-1;50500;RAINFOREST_RESIN;9996;2;9995;23;;;10004;-2;10005;-23;;;10000.0;40974
-1;50500;KELP;2019;25;;;;;2023;-25;;;;;2021.0;40974
-1;50600;RAINFOREST_RESIN;10002;0;9996;2;9995;21;10004;-2;10005;-21;;;10003.0;40976
-1;50600;KELP;2019;21;;;;;2020;-6;2023;-23;;;2019.5;40976
-1;50700;RAINFOREST_RESIN;9996;2;9995;22;;;10004;-2;10005;-22;;;10000.0;50978
-1;50700;KELP;2020;24;;;;;2023;-24;;;;;2021.5;50978
-1;50800;RAINFOREST_RESIN;10002;0;9996;2;9995;22;10004;-2;10005;-22;;;10003.0;110990
-1;50800;KELP;2022;1;2020;24;;;2023;-24;;;;;2022.5;110990
-1;50900;RAINFOREST_RESIN;9996;1;9995;27;;;10004;-1;10005;-27;;;10000.0;120992
-1;50900;KELP;2020;28;;;;;2022;-4;2023;-28;;;2021.0;120992
-1;51000;RAINFOREST_RESIN;9996;2;9995;26;;;10004;-2;10005;-26;;;10000.0;130994
-1;51000;KELP;2020;28;;;;;2023;-28;;;;;2021.5;130994
-1;51100;RAINFOREST_RESIN;9998;6;9996;1;9995;25;10004;-1;10005;-25;;;10001.0;140996
-1;51100;KELP;2020;26;;;;;2023;-26;;;;;2021.5;140996
-1;51200;RAINFOREST_RESIN;9996;2;9995;28;;;10004;-2;10005;-28;;;10000.0;150998
-1;51200;KELP;2020;30;;;;;2023;-30;;;;;2021.5;150998
-1;51300;RAINFOREST_RESIN;9996;1;9995;24;;;10004;-1;10005;-24;;;10000.0;161000
-1;51300;KELP;2020;25;;;;;2023;-25;;;;;2021.5;161000
-1;51400;RAINFOREST_RESIN;9995;30;;;;;10002;-3;10005;-30;;;9998.5;171002
-1;51400;KELP;2020;30;;;;;2023;-30;;;;;2021.5;171002
-1;51500;RAINFOREST_RESIN;9995;30;;;;;10005;-30;;;;;10000.0;181004
-1;51500;KELP;2022;1;2020;30;;;2023;-30;;;;;2022.5;181004
-1;51600;RAINFOREST_RESIN;10000;5;9996;2;9995;22;10002;-1;10004;-2;10005;-22;10001.0;191006
-1;51600;KELP;2021;5;2020;24;;;2023;-24;;;;;2022.0;191006
-1;51700;RAINFOREST_RESIN;9995;20;;;;;10005;-20;;;;;10000.0;211010
-1;51700;KELP;2020;16;;;;;2023;-20;;;;;2021.5;211010
-1;51800;RAINFOREST_RESIN;9996;1;9995;24;;;10004;-1;10005;-24;;;10000.0;101010
-1;51800;KELP;2020;1;2019;24;;;2023;-25;;;;;2021.5;101010
-1;51900;RAINFOREST_RESIN;9996;1;9995;23;;;10004;-1;10005;-23;;;10000.0;-8990
-1;51900;KELP;2021;4;2019;24;;;2023;-24;;;;;2022.0;-8990
-1;52000;RAINFOREST_RESIN;9998;3;9995;29;;;10005;-29;;;;;10001.5;-18988
-1;52000;KELP;2019;29;;;;;2021;-6;2023;-29;;;2020.0;-18988
-1;52100;RAINFOREST_RESIN;9995;21;;;;;10005;-21;;;;;10000.0;-28986
-1;52100;KELP;2019;21;;;;;2023;-21;;;;;2021.0;-28986
-1;52200;RAINFOREST_RESIN;9996;2;9995;29;;;10004;-2;10005;-29;;;10000.0;-108970
-1;52200;KELP;2019;31;;;;;2023;-31;;;;;2021.0;-108970
-1;52300;RAINFOREST_RESIN;10002;0;9996;1;9995;27;10004;-1;10005;-27;;;10003.0;-178952
-1;52300;KELP;2022;1;2019;28;;;2023;-28;;;;;2022.5;-178952
-1;52400;RAINFOREST_RESIN;9998;3;9996;1;9995;29;10004;-1;10005;-29;;;10001.0;-168952
-1;52400;KELP;2020;30;;;;;2023;-30;;;;;2021.5;-168952
-1;52500;RAINFOREST_RESIN;9996;1;9995;27;;;9998;-1;10004;-1;10005;-27;9997.0;-158952
-1;52500;KELP;2022;1;2020;28;;;2023;-28;;;;;2022.5;-158952
-1;52600;RAINFOREST_RESIN;9998;1;9996;1;9995;22;10000;-4;10004;-1;10005;-22;9999.0;-148952
-1;52600;KELP;2020;1;2019;22;;;2021;-4;2023;-23;;;2020.5;-148952
-1;52700;RAINFOREST_RESIN;9996;2;9995;25;;;10004;-2;10005;-25;;;10000.0;-138952
-1;52700;KELP;2019;26;;;;;2023;-27;;;;;2021.0;-138952
-1;52800;RAINFOREST_RESIN;9995;26;;;;;10005;-26;;;;;10000.0;-128952
-1;52800;KELP;2019;26;;;;;2023;-26;;;;;2021.0;-128952
-1;52900;RAINFOREST_RESIN;9995;30;;;;;10005;-30;;;;;10000.0;-118952
-1;52900;KELP;2020;30;;;;;2023;-30;;;;;2021.5;-118952
-1;53000;RAINFOREST_RESIN;10002;0;9996;1;9995;20;10004;-1;10005;-20;;;10003.0;-48950
-1;53000;KELP;2020;21;;;;;2023;-21;;;;;2021.5;-48950
-1;53100;RAINFOREST_RESIN;9995;24;;;;;10005;-24;;;;;10000.0;11050
-1;53100;KELP;2019;24;;;;;2023;-24;;;;;2021.0;11050
-1;53200;RAINFOREST_RESIN;9996;1;9995;30;;;10004;-1;10005;-30;;;10000.0;71062
-1;53200;KELP;2022;1;2019;31;;;2023;-31;;;;;2022.5;71062
-1;53300;RAINFOREST_RESIN;9995;29;;;;;10005;-29;;;;;10000.0;131074
-1;53300;KELP;2020;29;;;;;2023;-29;;;;;2021.5;131074
-1;53400;RAINFOREST_RESIN;9998;6;9996;2;9995;23;10004;-2;10005;-23;;;10001.0;191086
-1;53400;KELP;2020;25;;;;;2023;-25;;;;;2021.5;191086
-1;53500;RAINFOREST_RESIN;9996;2;9995;21;;;10002;-1;10004;-2;10005;-21;9999.0;251098
-1;53500;KELP;2020;23;;;;;2023;-23;;;;;2021.5;251098
-1;53600;RAINFOREST_RESIN;9995;24;;;;;9998;-9;10005;-24;;;9996.5;311110
-1;53600;KELP;2020;24;;;;;2023;-24;;;;;2021.5;311110
-1;53700;RAINFOREST_RESIN;9998;1;9995;30;;;10005;-30;;;;;10001.5;371122
-1;53700;KELP;2019;30;;;;;2023;-30;;;;;2021.0;371122
-1;53800;RAINFOREST_RESIN;10002;0;9995;30;;;10005;-30;;;;;10003.5;461140
-1;53800;KELP;2019;30;;;;;2023;-30;;;;;2021.0;461140
-1;53900;RAINFOREST_RESIN;9996;2;9995;25;;;10004;-2;10005;-25;;;10000.0;501148
-1;53900;KELP;2019;27;;;;;2023;-27;;;;;2021.0;501148
-1;54000;RAINFOREST_RESIN;9998;6;9996;1;9995;30;10004;-1;10005;-30;;;10001.0;501148
-1;54000;KELP;2020;31;;;;;2022;-1;2023;-31;;;2021.0;501148
-1;54100;RAINFOREST_RESIN;9998;2;9996;2;9995;22;10004;-2;10005;-22;;;10001.0;501148
-1;54100;KELP;2020;24;;;;;2022;-2;2023;-24;;;2021.0;501148
-1;54200;RAINFOREST_RESIN;9995;28;;;;;10005;-28;;;;;10000.0;491148
-1;54200;KELP;2020;28;;;;;2023;-28;;;;;2021.5;491148
-1;54300;RAINFOREST_RESIN;9996;2;9995;23;;;10004;-2;10005;-23;;;10000.0;481148
-1;54300;KELP;2022;1;2019;25;;;2023;-25;;;;;2022.5;481148
-1;54400;RAINFOREST_RESIN;9995;29;;;;;10005;-29;;;;;10000.0;501152
-1;54400;KELP;2019;29;;;;;2022;-29;;;;;2020.5;501152
-1;54500;RAINFOREST_RESIN;9996;1;9995;20;;;10004;-1;10005;-20;;;10000.0;501152
-1;54500;KELP;2019;21;;;;;2022;-21;;;;;2020.5;501152
-1;54600;RAINFOREST_RESIN;10002;3;9995;27;;;10005;-27;;;;;10003.5;501152
-1;54600;KELP;2019;27;;;;;2023;-27;;;;;2021.0;501152
-1;54700;RAINFOREST_RESIN;9996;2;9995;27;;;10004;-2;10005;-27;;;10000.0;501152
-1;54700;KELP;2019;29;;;;;2020;-4;2022;-29;;;2019.5;501152
-1;54800;RAINFOREST_RESIN;9998;8;9995;27;;;10005;-27;;;;;10001.5;501152
-1;54800;KELP;2019;27;;;;;2021;-1;2022;-27;;;2020.0;501152
-1;54900;RAINFOREST_RESIN;9996;1;9995;28;;;10002;-3;10004;-1;10005;-28;9999.0;501152
-1;54900;KELP;2019;29;;;;;2022;-29;;;;;2020.5;501152
-1;55000;RAINFOREST_RESIN;9996;2;9995;28;;;10002;-8;10004;-2;10005;-28;9999.0;501152
-1;55000;KELP;2019;36;;;;;2022;-30;;;;;2020.5;501152
-1;55100;RAINFOREST_RESIN;9995;29;;;;;10005;-29;;;;;10000.0;501152
-1;55100;KELP;2019;37;;;;;2022;-29;;;;;2020.5;501152
-1;55200;RAINFOREST_RESIN;9996;2;9995;21;;;10004;-2;10005;-21;;;10000.0;501152
-1;55200;KELP;2018;21;;;;;2019;-3;2020;-8;2022;-23;2018.5;501152
-1;55300;RAINFOREST_RESIN;9996;2;9995;27;;;9998;-1;10002;-2;10004;-2;9997.0;501152
-1;55300;KELP;2018;29;;;;;2022;-29;;;;;2020.0;501152
-1;55400;RAINFOREST_RESIN;9998;3;9996;1;9995;21;10004;-1;10005;-21;;;10001.0;501152
-1;55400;KELP;2019;2;2018;22;;;2022;-22;;;;;2020.5;501152
-1;55500;RAINFOREST_RESIN;9995;25;;;;;10002;-9;10005;-25;;;9998.5;501152
-1;55500;KELP;2021;1;2019;4;2018;25;2022;-25;;;;;2021.5;501152
-1;55600;RAINFOREST_RESIN;9995;26;;;;;10005;-26;;;;;10000.0;501152
-1;55600;KELP;2019;3;2018;26;;;2022;-26;;;;;2020.5;501152
-1;55700;RAINFOREST_RESIN;9996;2;9995;21;;;10004;-2;10005;-21;;;10000.0;501152
-1;55700;KELP;2019;25;;;;;2022;-23;;;;;2020.5;501152
-1;55800;RAINFOREST_RESIN;9998;6;9996;1;9995;26;10004;-1;10005;-26;;;10001.0;491152
-1;55800;KELP;2018;27;;;;;2022;-27;;;;;2020.0;491152
-1;55900;RAINFOREST_RESIN;9995;22;;;;;10005;-22;;;;;10000.0;481152
-1;55900;KELP;2018;22;;;;;2022;-22;;;;;2020.0;481152
-1;56000;RAINFOREST_RESIN;9996;2;9995;22;;;10002;-10;10004;-2;10005;-22;9999.0;471152
-1;56000;KELP;2018;24;;;;;2019;-3;2021;-2;2022;-22;2018.5;471152
-1;56100;RAINFOREST_RESIN;9996;2;9995;20;;;10004;-2;10005;-20;;;10000.0;461152
-1;56100;KELP;2019;22;;;;;2022;-22;;;;;2020.5;461152
-1;56200;RAINFOREST_RESIN;9996;1;9995;29;;;10004;-1;10005;-29;;;10000.0;451152
-1;56200;KELP;2020;2;2018;30;;;2022;-30;;;;;2021.0;451152
-1;56300;RAINFOREST_RESIN;10002;0;9996;2;9995;25;10004;-2;10005;-25;;;10003.0;451154
-1;56300;KELP;2019;6;2018;27;;;2022;-27;;;;;2020.5;451154
-1;56400;RAINFOREST_RESIN;9996;1;9995;30;;;10004;-1;10005;-30;;;10000.0;441154
-1;56400;KELP;2018;31;;;;;2022;-31;;;;;2020.0;441154
-1;56500;RAINFOREST_RESIN;9996;2;9995;27;;;10004;-2;10005;-27;;;10000.0;431154
-1;56500;KELP;2018;29;;;;;2022;-29;;;;;2020.0;431154
-1;56600;RAINFOREST_RESIN;9996;2;9995;29;;;10002;-4;10004;-2;10005;-29;9999.0;421154
-1;56600;KELP;2019;2;2018;29;;;2022;-31;;;;;2020.5;421154
-1;56700;RAINFOREST_RESIN;9998;3;9996;2;9995;24;10000;-2;10004;-2;10005;-24;9999.0;411154
-1;56700;KELP;2020;6;2018;26;;;2022;-26;;;;;2021.0;411154
-1;56800;RAINFOREST_RESIN;10002;0;9998;10;9996;2;10004;-2;10005;-22;;;10003.0;411156
-1;56800;KELP;2018;24;;;;;2021;-2;2022;-22;;;2019.5;411156
-1;56900;RAINFOREST_RESIN;9996;2;9995;20;;;10004;-2;10005;-20;;;10000.0;401156
-1;56900;KELP;2018;24;;;;;2021;-22;;;;;2019.5;401156
-1;57000;RAINFOREST_RESIN;9996;1;9995;27;;;10004;-1;10005;-27;;;10000.0;391156
-1;57000;KELP;2018;28;;;;;2020;-8;2021;-28;;;2019.0;391156
-1;57100;RAINFOREST_RESIN;9996;2;9995;25;;;10004;-2;10005;-25;;;10000.0;381156
-1;57100;KELP;2017;27;;;;;2020;-27;;;;;2018.5;381156
-1;57200;RAINFOREST_RESIN;10002;0;9996;1;9995;26;10004;-1;10005;-26;;;10003.0;391160
-1;57200;KELP;2019;1;2017;27;;;2020;-27;;;;;2019.5;391160
-1;57300;RAINFOREST_RESIN;9996;1;9995;26;;;10002;-9;10004;-1;10005;-26;9999.0;411164
-1;57300;KELP;2017;27;;;;;2020;-27;;;;;2018.5;411164
-1;57400;RAINFOREST_RESIN;9995;24;;;;;10005;-24;;;;;10000.0;431168
-1;57400;KELP;2017;24;;;;;2019;-2;2020;-24;;;2018.0;431168
-1;57500;RAINFOREST_RESIN;9998;5;9996;2;9995;23;10004;-2;10005;-23;;;10001.0;451172
-1;57500;KELP;2019;5;2017;30;;;2020;-25;;;;;2019.5;451172
-1;57600;RAINFOREST_RESIN;9995;24;;;;;10005;-24;;;;;10000.0;471176
-1;57600;KELP;2017;24;;;;;2020;-24;;;;;2018.5;471176
-1;57700;RAINFOREST_RESIN;9995;29;;;;;10005;-29;;;;;10000.0;491180
-1;57700;KELP;2017;29;;;;;2020;-29;;;;;2018.5;491180
-1;57800;RAINFOREST_RESIN;9998;1;9996;2;9995;29;10004;-2;10005;-29;;;10001.0;481180
-1;57800;KELP;2017;31;;;;;2020;-2;2021;-29;;;2018.5;481180
-1;57900;RAINFOREST_RESIN;9996;2;9995;25;;;9998;-1;10000;-6;10004;-2;9997.0;471180
-1;57900;KELP;2017;27;;;;;2018;-6;2019;-5;2020;-2;2017.5;471180
-1;58000;RAINFOREST_RESIN;9996;1;9995;24;;;9998;-4;10004;-1;10005;-24;9997.0;461180
-1;58000;KELP;2017;29;;;;;2020;-1;2021;-24;;;2018.5;461180
-1;58100;RAINFOREST_RESIN;9995;23;;;;;10005;-23;;;;;10000.0;421180
-1;58100;KELP;2017;23;;;;;2020;-23;;;;;2018.5;421180
-1;58200;RAINFOREST_RESIN;9996;1;9995;30;;;10004;-1;10005;-30;;;10000.0;451186
-1;58200;KELP;2017;31;;;;;2020;-31;;;;;2018.5;451186
-1;58300;RAINFOREST_RESIN;9995;29;;;;;10005;-29;;;;;10000.0;481192
-1;58300;KELP;2017;29;;;;;2020;-29;;;;;2018.5;481192
-1;58400;RAINFOREST_RESIN;9996;2;9995;21;;;10004;-2;10005;-21;;;10000.0;501196
-1;58400;KELP;2016;23;;;;;2018;-1;2019;-23;;;2017.0;501196
-1;58500;RAINFOREST_RESIN;9995;21;;;;;10002;-1;10005;-21;;;9998.5;501196
-1;58500;KELP;2016;21;;;;;2019;-21;;;;;2017.5;501196
-1;58600;RAINFOREST_RESIN;10002;1;9995;25;;;10005;-25;;;;;10003.5;501196
-1;58600;KELP;2015;25;;;;;2017;-7;2019;-25;;;2016.0;501196
-1;58700;RAINFOREST_RESIN;9996;2;9995;30;;;10004;-2;10005;-30;;;10000.0;501196
-1;58700;KELP;2015;34;;;;;2018;-32;;;;;2016.5;501196
-1;58800;RAINFOREST_RESIN;9995;29;;;;;10002;-1;10005;-29;;;9998.5;501196
-1;58800;KELP;2015;29;;;;;2019;-29;;;;;2017.0;501196
-1;58900;RAINFOREST_RESIN;9996;1;9995;24;;;10004;-1;10005;-24;;;10000.0;381196
-1;58900;KELP;2015;25;;;;;2019;-25;;;;;2017.0;381196
-1;59000;RAINFOREST_RESIN;9996;2;9995;20;;;10004;-2;10005;-20;;;10000.0;261196
-1;59000;KELP;2016;22;;;;;2019;-22;;;;;2017.5;261196
-1;59100;RAINFOREST_RESIN;9995;27;;;;;10005;-27;;;;;10000.0;141196
-1;59100;KELP;2016;34;;;;;2019;-27;;;;;2017.5;141196
-1;59200;RAINFOREST_RESIN;9998;4;9996;2;9995;29;10004;-2;10005;-29;;;10001.0;151198
-1;59200;KELP;2016;31;;;;;2020;-31;;;;;2018.0;151198
-1;59300;RAINFOREST_RESIN;9996;1;9995;26;;;10004;-1;10005;-26;;;10000.0;161200
-1;59300;KELP;2016;26;;;;;2018;-2;2019;-27;;;2017.0;161200
-1;59400;RAINFOREST_RESIN;9996;1;9995;21;;;10004;-1;10005;-21;;;10000.0;171202
-1;59400;KELP;2015;22;;;;;2019;-22;;;;;2017.0;171202
-1;59500;RAINFOREST_RESIN;10002;0;9995;23;;;10005;-23;;;;;10003.5;231214
-1;59500;KELP;2015;23;;;;;2019;-23;;;;;2017.0;231214
-1;59600;RAINFOREST_RESIN;9996;2;9995;27;;;10004;-2;10005;-27;;;10000.0;241216
-1;59600;KELP;2016;29;;;;;2019;-29;;;;;2017.5;241216
-1;59700;RAINFOREST_RESIN;9995;21;;;;;10005;-21;;;;;10000.0;251218
-1;59700;KELP;2015;21;;;;;2018;-21;;;;;2016.5;251218
-1;59800;RAINFOREST_RESIN;9996;1;9995;24;;;10004;-1;10005;-24;;;10000.0;261220
-1;59800;KELP;2015;25;;;;;2018;-25;;;;;2016.5;261220
-1;59900;RAINFOREST_RESIN;9996;1;9995;23;;;10002;-6;10004;-1;10005;-23;9999.0;271222
-1;59900;KELP;2015;24;;;;;2018;-24;;;;;2016.5;271222
-1;60000;RAINFOREST_RESIN;9998;3;9995;22;;;10005;-22;;;;;10001.5;281224
-1;60000;KELP;2015;22;;;;;2018;-22;;;;;2016.5;281224
-1;60100;RAINFOREST_RESIN;9996;2;9995;25;;;10004;-2;10005;-25;;;10000.0;271226
-1;60100;KELP;2015;27;;;;;2018;-27;;;;;2016.5;271226
-1;60200;RAINFOREST_RESIN;9995;25;;;;;10005;-25;;;;;10000.0;261228
-1;60200;KELP;2016;3;2015;25;;;2018;-25;;;;;2017.0;261228
-1;60300;RAINFOREST_RESIN;9996;1;9995;27;;;10004;-1;10005;-27;;;10000.0;181228
-1;60300;KELP;2015;28;;;;;2018;-28;;;;;2016.5;181228
-1;60400;RAINFOREST_RESIN;9996;1;9995;20;;;9998;-1;10004;-1;10005;-20;9997.0;101228
-1;60400;KELP;2015;1;2014;20;;;2018;-21;;;;;2016.5;101228
-1;60500;RAINFOREST_RESIN;9996;1;9995;23;;;10004;-1;10005;-23;;;10000.0;21228
-1;60500;KELP;2015;24;;;;;2018;-24;;;;;2016.5;21228
-1;60600;RAINFOREST_RESIN;9996;2;9995;22;;;10004;-2;10005;-22;;;10000.0;-58772
-1;60600;KELP;2015;26;;;;;2018;-24;;;;;2016.5;-58772
-1;60700;RAINFOREST_RESIN;9995;22;;;;;10005;-22;;;;;10000.0;-138756
-1;60700;KELP;2015;22;;;;;2017;-5;2018;-22;;;2016.0;-138756
-1;60800;RAINFOREST_RESIN;10002;0;9996;2;9995;30;10004;-2;10005;-30;;;10003.0;-118720
-1;60800;KELP;2015;31;;;;;2018;-32;;;;;2016.5;-118720
-1;60900;RAINFOREST_RESIN;9996;2;9995;29;;;10004;-2;10005;-29;;;10000.0;-198704
-1;60900;KELP;2015;28;;;;;2017;-4;2018;-31;;;2016.0;-198704
-1;61000;RAINFOREST_RESIN;9995;28;;;;;10005;-28;;;;;10000.0;-278688
-1;61000;KELP;2015;28;;;;;2018;-28;;;;;2016.5;-278688
-1;61100;RAINFOREST_RESIN;9995;29;;;;;10005;-29;;;;;10000.0;-358672
-1;61100;KELP;2015;29;;;;;2017;-3;2018;-29;;;2016.0;-358672
-1;61200;RAINFOREST_RESIN;9998;9;9996;1;9995;21;10000;-2;10004;-1;10005;-21;9999.0;-438656
-1;61200;KELP;2015;22;;;;;2016;-2;2018;-22;;;2015.5;-438656
-1;61300;RAINFOREST_RESIN;9996;1;9995;22;;;10004;-1;10005;-22;;;10000.0;-498644
-1;61300;KELP;2015;23;;;;;2018;-23;;;;;2016.5;-498644
-1;61400;RAINFOREST_RESIN;9996;1;9995;30;;;10004;-1;10005;-30;;;10000.0;-498644
-1;61400;KELP;2015;31;;;;;2018;-1;2019;-30;;;2016.5;-498644
-1;61500;RAINFOREST_RESIN;9996;2;9995;27;;;10004;-2;10005;-27;;;10000.0;-498644
-1;61500;KELP;2015;29;;;;;2018;-29;;;;;2016.5;-498644
-1;61600;RAINFOREST_RESIN;9996;2;9995;28;;;10004;-2;10005;-28;;;10000.0;-498644
-1;61600;KELP;2015;30;;;;;2017;-5;2018;-30;;;2016.0;-498644
-1;61700;RAINFOREST_RESIN;9996;1;9995;26;;;10004;-1;10005;-26;;;10000.0;-498644
-1;61700;KELP;2014;26;;;;;2016;-7;2017;-27;;;2015.0;-498644
-1;61800;RAINFOREST_RESIN;9995;20;;;;;10005;-20;;;;;10000.0;-498644
-1;61800;KELP;2015;20;;;;;2018;-20;;;;;2016.5;-498644
-1;61900;RAINFOREST_RESIN;9995;26;;;;;9998;-1;10005;-26;;;9996.5;-498644
-1;61900;KELP;2014;26;;;;;2017;-26;;;;;2015.5;-498644
-1;62000;RAINFOREST_RESIN;9995;20;;;;;10005;-20;;;;;10000.0;-498644
-1;62000;KELP;2016;1;2014;20;;;2017;-20;;;;;2016.5;-498644
-1;62100;RAINFOREST_RESIN;9996;2;9995;23;;;10004;-2;10005;-23;;;10000.0;-498644
-1;62100;KELP;2014;25;;;;;2017;-25;;;;;2015.5;-498644
-1;62200;RAINFOREST_RESIN;9995;25;;;;;10002;-3;10005;-25;;;9998.5;-458644
-1;62200;KELP;2014;25;;;;;2017;-25;;;;;2015.5;-458644
-1;62300;RAINFOREST_RESIN;9995;22;;;;;10005;-22;;;;;10000.0;-418644
-1;62300;KELP;2014;22;;;;;2017;-22;;;;;2015.5;-418644
-1;62400;RAINFOREST_RESIN;9996;2;9995;23;;;10004;-2;10005;-23;;;10000.0;-398644
-1;62400;KELP;2014;25;;;;;2016;-8;2018;-25;;;2015.0;-398644
-1;62500;RAINFOREST_RESIN;9996;1;9995;23;;;10004;-1;10005;-23;;;10000.0;-378644
-1;62500;KELP;2015;3;2014;23;;;2018;-24;;;;;2016.5;-378644
-1;62600;RAINFOREST_RESIN;9995;29;;;;;10005;-29;;;;;10000.0;-358644
-1;62600;KELP;2015;29;;;;;2018;-29;;;;;2016.5;-358644
-1;62700;RAINFOREST_RESIN;9996;2;9995;24;;;10004;-2;10005;-24;;;10000.0;-338644
-1;62700;KELP;2015;26;;;;;2018;-26;;;;;2016.5;-338644
-1;62800;RAINFOREST_RESIN;9995;26;;;;;10005;-26;;;;;10000.0;-318644
-1;62800;KELP;2015;25;;;;;2017;-1;2019;-26;;;2016.0;-318644
-1;62900;RAINFOREST_RESIN;9996;2;9995;27;;;9998;-4;10004;-2;10005;-27;9997.0;-298644
-1;62900;KELP;2016;29;;;;;2018;-1;2019;-29;;;2017.0;-298644
-1;63000;RAINFOREST_RESIN;9995;29;;;;;10005;-29;;;;;10000.0;-338636
-1;63000;KELP;2016;29;;;;;2018;-4;2019;-29;;;2017.0;-338636
-1;63100;RAINFOREST_RESIN;9996;2;9995;24;;;10004;-2;10005;-24;;;10000.0;-378628
-1;63100;KELP;2016;25;;;;;2020;-26;;;;;2018.0;-378628
-1;63200;RAINFOREST_RESIN;9995;28;;;;;10005;-28;;;;;10000.0;-418620
-1;63200;KELP;2016;28;;;;;2020;-28;;;;;2018.0;-418620
-1;63300;RAINFOREST_RESIN;9996;2;9995;30;;;10004;-2;10005;-30;;;10000.0;-458612
-1;63300;KELP;2016;32;;;;;2019;-2;2020;-30;;;2017.5;-458612
-1;63400;RAINFOREST_RESIN;9996;2;9995;24;;;10004;-2;10005;-24;;;10000.0;-498604
-1;63400;KELP;2018;3;2016;26;;;2020;-26;;;;;2019.0;-498604
-1;63500;RAINFOREST_RESIN;9998;8;9995;20;;;10005;-20;;;;;10001.5;-498604
-1;63500;KELP;2016;22;;;;;2019;-20;;;;;2017.5;-498604
-1;63600;RAINFOREST_RESIN;9995;21;;;;;10005;-21;;;;;10000.0;-498604
-1;63600;KELP;2018;1;2016;21;;;2019;-21;;;;;2018.5;-498604
-1;63700;RAINFOREST_RESIN;9996;2;9995;28;;;10002;-6;10004;-2;10005;-28;9999.0;-498604
-1;63700;KELP;2017;8;2016;30;;;2019;-2;2020;-28;;;2018.0;-498604
-1;63800;RAINFOREST_RESIN;9996;1;9995;21;;;10004;-1;10005;-21;;;10000.0;-498604
-1;63800;KELP;2016;21;;;;;2018;-7;2020;-22;;;2017.0;-498604
-1;63900;RAINFOREST_RESIN;9995;21;;;;;10005;-21;;;;;10000.0;-498604
-1;63900;KELP;2016;21;;;;;2018;-6;2020;-21;;;2017.0;-498604
-1;64000;RAINFOREST_RESIN;9998;6;9995;30;;;10005;-30;;;;;10001.5;-498604
-1;64000;KELP;2016;30;;;;;2019;-30;;;;;2017.5;-498604
-1;64100;RAINFOREST_RESIN;9995;27;;;;;10002;-6;10005;-27;;;9998.5;-498604
-1;64100;KELP;2016;27;;;;;2019;-27;;;;;2017.5;-498604
-1;64200;RAINFOREST_RESIN;9996;1;9995;24;;;10004;-1;10005;-24;;;10000.0;-498604
-1;64200;KELP;2015;25;;;;;2018;-25;;;;;2016.5;-498604
-1;64300;RAINFOREST_RESIN;9998;7;9996;1;9995;22;10004;-1;10005;-22;;;10001.0;-498604
-1;64300;KELP;2015;23;;;;;2018;-23;;;;;2016.5;-498604
-1;64400;RAINFOREST_RESIN;9998;8;9996;2;9995;27;10004;-2;10005;-27;;;10001.0;-498604
-1;64400;KELP;2015;31;;;;;2018;-29;;;;;2016.5;-498604
-1;64500;RAINFOREST_RESIN;9998;5;9996;2;9995;27;10004;-2;10005;-27;;;10001.0;-498604
-1;64500;KELP;2015;29;;;;;2017;-6;2018;-29;;;2016.0;-498604
-1;64600;RAINFOREST_RESIN;9995;26;;;;;10005;-26;;;;;10000.0;-498604
-1;64600;KELP;2015;26;;;;;2018;-26;;;;;2016.5;-498604
-1;64700;RAINFOREST_RESIN;9995;28;;;;;10005;-28;;;;;10000.0;-498604
-1;64700;KELP;2015;28;;;;;2018;-28;;;;;2016.5;-498604
-1;64800;RAINFOREST_RESIN;9996;2;9995;30;;;10004;-2;10005;-30;;;10000.0;-498604
-1;64800;KELP;2015;2;2014;30;;;2018;-32;;;;;2016.5;-498604
-1;64900;RAINFOREST_RESIN;9996;2;9995;29;;;10004;-2;10005;-29;;;10000.0;-498604
-1;64900;KELP;2015;31;;;;;2017;-3;2018;-31;;;2016.0;-498604
-1;65000;RAINFOREST_RESIN;9995;25;;;;;9998;-1;10005;-25;;;9996.5;-498604
-1;65000;KELP;2015;25;;;;;2018;-25;;;;;2016.5;-498604
-1;65100;RAINFOREST_RESIN;9996;2;9995;23;;;10004;-2;10005;-23;;;10000.0;-498604
-1;65100;KELP;2015;25;;;;;2018;-25;;;;;2016.5;-498604
-1;65200;RAINFOREST_RESIN;9998;8;9995;29;;;10005;-29;;;;;10001.5;-498604
-1;65200;KELP;2017;1;2015;29;;;2019;-29;;;;;2018.0;-498604
-1;65300;RAINFOREST_RESIN;9995;21;;;;;10002;-3;10005;-21;;;9998.5;-498604
-1;65300;KELP;2015;21;;;;;2017;-2;2018;-21;;;2016.0;-498604
-1;65400;RAINFOREST_RESIN;9996;2;9995;26;;;10000;-3;10004;-2;10005;-26;9998.0;-478604
-1;65400;KELP;2015;28;;;;;2016;-3;2018;-28;;;2015.5;-478604
-1;65500;RAINFOREST_RESIN;9996;2;9995;27;;;10004;-2;10005;-27;;;10000.0;-458604
-1;65500;KELP;2015;36;;;;;2018;-29;;;;;2016.5;-458604
-1;65600;RAINFOREST_RESIN;9998;5;9995;20;;;10005;-20;;;;;10001.5;-438604
-1;65600;KELP;2015;20;;;;;2019;-20;;;;;2017.0;-438604
-1;65700;RAINFOREST_RESIN;9995;29;;;;;10005;-29;;;;;10000.0;-418604
-1;65700;KELP;2014;29;;;;;2018;-29;;;;;2016.0;-418604
-1;65800;RAINFOREST_RESIN;9998;9;9995;20;;;10005;-20;;;;;10001.5;-398604
-1;65800;KELP;2015;20;;;;;2017;-7;2018;-20;;;2016.0;-398604
-1;65900;RAINFOREST_RESIN;9996;1;9995;23;;;10004;-1;10005;-23;;;10000.0;-378604
-1;65900;KELP;2015;29;;;;;2018;-24;;;;;2016.5;-378604
-1;66000;RAINFOREST_RESIN;9998;4;9996;2;9995;22;10004;-2;10005;-22;;;10001.0;-388602
-1;66000;KELP;2015;24;;;;;2018;-24;;;;;2016.5;-388602
-1;66100;RAINFOREST_RESIN;9996;1;9995;26;;;9998;-1;10004;-1;10005;-26;9997.0;-398600
-1;66100;KELP;2015;27;;;;;2018;-27;;;;;2016.5;-398600
-1;66200;RAINFOREST_RESIN;10002;0;10000;0;9995;20;10005;-20;;;;;10003.5;-348596
-1;66200;KELP;2016;5;2015;20;;;2019;-20;;;;;2017.5;-348596
-1;66300;RAINFOREST_RESIN;9996;1;9995;24;;;10004;-1;10005;-24;;;10000.0;-358594
-1;66300;KELP;2018;1;2016;2;2015;25;2019;-25;;;;;2018.5;-358594
-1;66400;RAINFOREST_RESIN;9995;21;;;;;9998;-3;10005;-21;;;9996.5;-368592
-1;66400;KELP;2015;21;;;;;2019;-21;;;;;2017.0;-368592
-1;66500;RAINFOREST_RESIN;9996;2;9995;20;;;10004;-2;10005;-20;;;10000.0;-378590
-1;66500;KELP;2015;22;;;;;2019;-22;;;;;2017.0;-378590
-1;66600;RAINFOREST_RESIN;9995;22;;;;;10005;-22;;;;;10000.0;-388588
-1;66600;KELP;2015;22;;;;;2017;-3;2019;-22;;;2016.0;-388588
-1;66700;RAINFOREST_RESIN;9998;9;9995;27;;;10005;-27;;;;;10001.5;-398586
-1;66700;KELP;2014;27;;;;;2018;-27;;;;;2016.0;-398586
-1;66800;RAINFOREST_RESIN;9995;30;;;;;10005;-30;;;;;10000.0;-408584
-1;66800;KELP;2014;30;;;;;2018;-30;;;;;2016.0;-408584
-1;66900;RAINFOREST_RESIN;9998;4;9995;23;;;10005;-23;;;;;10001.5;-418582
-1;66900;KELP;2017;1;2015;4;2014;23;2018;-23;;;;;2017.5;-418582
-1;67000;RAINFOREST_RESIN;9996;1;9995;24;;;10004;-1;10005;-24;;;10000.0;-428580
-1;67000;KELP;2015;25;;;;;2018;-25;;;;;2016.5;-428580
-1;67100;RAINFOREST_RESIN;9995;23;;;;;10005;-23;;;;;10000.0;-438578
-1;67100;KELP;2015;23;;;;;2018;-23;;;;;2016.5;-438578
-1;67200;RAINFOREST_RESIN;9996;2;9995;20;;;10002;-3;10004;-2;10005;-20;9999.0;-448576
-1;67200;KELP;2015;21;;;;;2018;-22;;;;;2016.5;-448576
-1;67300;RAINFOREST_RESIN;9995;30;;;;;9998;-3;10005;-30;;;9996.5;-498566
-1;67300;KELP;2015;31;;;;;2018;-30;;;;;2016.5;-498566
-1;67400;RAINFOREST_RESIN;9998;4;9996;1;9995;25;10004;-1;10005;-25;;;10001.0;-498566
-1;67400;KELP;2015;26;;;;;2018;-26;;;;;2016.5;-498566
-1;67500;RAINFOREST_RESIN;9995;21;;;;;10005;-21;;;;;10000.0;-498566
-1;67500;KELP;2015;20;;;;;2018;-21;;;;;2016.5;-498566
-1;67600;RAINFOREST_RESIN;9996;2;9995;25;;;10004;-2;10005;-25;;;10000.0;-498566
-1;67600;KELP;2015;27;;;;;2018;-27;;;;;2016.5;-498566
-1;67700;RAINFOREST_RESIN;9996;1;9995;29;;;10004;-1;10005;-29;;;10000.0;-498566
-1;67700;KELP;2015;33;;;;;2018;-30;;;;;2016.5;-498566
-1;67800;RAINFOREST_RESIN;9998;3;9995;30;;;10005;-30;;;;;10001.5;-498566
-1;67800;KELP;2015;38;;;;;2018;-30;;;;;2016.5;-498566
-1;67900;RAINFOREST_RESIN;9995;25;;;;;10005;-25;;;;;10000.0;-498566
-1;67900;KELP;2015;25;;;;;2018;-25;;;;;2016.5;-498566
-1;68000;RAINFOREST_RESIN;9996;2;9995;21;;;10004;-2;10005;-21;;;10000.0;-498566
-1;68000;KELP;2015;23;;;;;2018;-23;;;;;2016.5;-498566
-1;68100;RAINFOREST_RESIN;9996;2;9995;29;;;10004;-2;10005;-29;;;10000.0;-498566
-1;68100;KELP;2015;31;;;;;2017;-4;2018;-31;;;2016.0;-498566
-1;68200;RAINFOREST_RESIN;9996;2;9995;29;;;10004;-2;10005;-29;;;10000.0;-498566
-1;68200;KELP;2017;1;2015;31;;;2018;-31;;;;;2017.5;-498566
-1;68300;RAINFOREST_RESIN;9996;1;9995;28;;;10004;-1;10005;-28;;;10000.0;-498566
-1;68300;KELP;2017;1;2015;29;;;2018;-29;;;;;2017.5;-498566
-1;68400;RAINFOREST_RESIN;9996;2;9995;26;;;10004;-2;10005;-26;;;10000.0;-498566
-1;68400;KELP;2015;28;;;;;2018;-28;;;;;2016.5;-498566
-1;68500;RAINFOREST_RESIN;9995;23;;;;;10002;-5;10005;-23;;;9998.5;-498566
-1;68500;KELP;2015;23;;;;;2018;-23;;;;;2016.5;-498566
-1;68600;RAINFOREST_RESIN;9996;1;9995;24;;;10004;-1;10005;-24;;;10000.0;-498566
-1;68600;KELP;2015;24;;;;;2018;-25;;;;;2016.5;-498566
-1;68700;RAINFOREST_RESIN;9996;1;9995;27;;;10004;-1;10005;-27;;;10000.0;-498566
-1;68700;KELP;2015;28;;;;;2018;-28;;;;;2016.5;-498566
-1;68800;RAINFOREST_RESIN;9995;22;;;;;9998;-1;10005;-22;;;9996.5;-498566
-1;68800;KELP;2015;22;;;;;2018;-22;;;;;2016.5;-498566
-1;68900;RAINFOREST_RESIN;9996;1;9995;27;;;10004;-1;10005;-27;;;10000.0;-498566
-1;68900;KELP;2017;1;2015;28;;;2018;-28;;;;;2017.5;-498566
-1;69000;RAINFOREST_RESIN;9996;2;9995;28;;;10004;-2;10005;-28;;;10000.0;-498566
-1;69000;KELP;2015;30;;;;;2018;-30;;;;;2016.5;-498566
-1;69100;RAINFOREST_RESIN;9998;9;9996;1;9995;30;10004;-1;10005;-30;;;10001.0;-498566
-1;69100;KELP;2015;30;;;;;2018;-31;;;;;2016.5;-498566
-1;69200;RAINFOREST_RESIN;9996;2;9995;28;;;10004;-2;10005;-28;;;10000.0;-498566
-1;69200;KELP;2017;3;2015;30;;;2018;-30;;;;;2017.5;-498566
-1;69300;RAINFOREST_RESIN;9995;21;;;;;9998;-1;10005;-21;;;9996.5;-498566
-1;69300;KELP;2017;1;2015;21;;;2018;-21;;;;;2017.5;-498566
-1;69400;RAINFOREST_RESIN;10002;0;9998;2;9996;1;10004;-1;10005;-25;;;10003.0;-488564
-1;69400;KELP;2015;26;;;;;2018;-26;;;;;2016.5;-488564
-1;69500;RAINFOREST_RESIN;9998;1;9996;2;9995;24;10004;-2;10005;-24;;;10001.0;-498562
-1;69500;KELP;2015;32;;;;;2018;-26;;;;;2016.5;-498562
-1;69600;RAINFOREST_RESIN;9995;23;;;;;10005;-23;;;;;10000.0;-498562
-1;69600;KELP;2015;22;;;;;2018;-23;;;;;2016.5;-498562
-1;69700;RAINFOREST_RESIN;10002;0;9996;1;9995;20;10004;-1;10005;-20;;;10003.0;-488560
-1;69700;KELP;2015;21;;;;;2018;-21;;;;;2016.5;-488560
-1;69800;RAINFOREST_RESIN;9996;1;9995;23;;;10004;-1;10005;-23;;;10000.0;-478560
-1;69800;KELP;2015;24;;;;;2018;-24;;;;;2016.5;-478560
-1;69900;RAINFOREST_RESIN;9996;2;9995;27;;;10004;-2;10005;-27;;;10000.0;-468560
-1;69900;KELP;2015;29;;;;;2018;-29;;;;;2016.5;-468560
-1;70000;RAINFOREST_RESIN;9996;2;9995;27;;;10004;-2;10005;-27;;;10000.0;-458560
-1;70000;KELP;2015;29;;;;;2018;-29;;;;;2016.5;-458560
-1;70100;RAINFOREST_RESIN;9996;2;9995;22;;;10004;-2;10005;-22;;;10000.0;-448560
-1;70100;KELP;2015;23;;;;;2018;-2;2019;-22;;;2016.5;-448560
-1;70200;RAINFOREST_RESIN;9996;1;9995;21;;;10004;-1;10005;-21;;;10000.0;-438560
-1;70200;KELP;2015;22;;;;;2018;-22;;;;;2016.5;-438560
-1;70300;RAINFOREST_RESIN;9996;1;9995;25;;;9998;-2;10004;-1;10005;-25;9997.0;-458556
-1;70300;KELP;2015;26;;;;;2018;-26;;;;;2016.5;-458556
-1;70400;RAINFOREST_RESIN;9995;26;;;;;10005;-26;;;;;10000.0;-478552
-1;70400;KELP;2015;26;;;;;2017;-6;2018;-26;;;2016.0;-478552
-1;70500;RAINFOREST_RESIN;9995;23;;;;;10000;-3;10005;-23;;;9997.5;-498548
-1;70500;KELP;2015;23;;;;;2016;-3;2017;-3;2018;-23;2015.5;-498548
-1;70600;RAINFOREST_RESIN;9996;1;9995;27;;;10004;-1;10005;-27;;;10000.0;-498548
-1;70600;KELP;2015;34;;;;;2018;-28;;;;;2016.5;-498548
-1;70700;RAINFOREST_RESIN;9995;26;;;;;10005;-26;;;;;10000.0;-498548
-1;70700;KELP;2015;26;;;;;2018;-26;;;;;2016.5;-498548
-1;70800;RAINFOREST_RESIN;10002;0;9995;27;;;10005;-27;;;;;10003.5;-488546
-1;70800;KELP;2015;26;;;;;2018;-27;;;;;2016.5;-488546
-1;70900;RAINFOREST_RESIN;9996;2;9995;30;;;10004;-2;10005;-30;;;10000.0;-498544
-1;70900;KELP;2015;32;;;;;2018;-32;;;;;2016.5;-498544
-1;71000;RAINFOREST_RESIN;9996;1;9995;29;;;10002;-5;10004;-1;10005;-29;9999.0;-498544
-1;71000;KELP;2015;30;;;;;2018;-30;;;;;2016.5;-498544
-1;71100;RAINFOREST_RESIN;9998;9;9996;1;9995;21;10004;-1;10005;-21;;;10001.0;-498544
-1;71100;KELP;2015;22;;;;;2018;-22;;;;;2016.5;-498544
-1;71200;RAINFOREST_RESIN;10002;0;9996;1;9995;28;10004;-1;10005;-28;;;10003.0;-488542
-1;71200;KELP;2015;28;;;;;2018;-29;;;;;2016.5;-488542
-1;71300;RAINFOREST_RESIN;9996;2;9995;26;;;10002;-4;10004;-2;10005;-26;9999.0;-478542
-1;71300;KELP;2015;28;;;;;2017;-4;2018;-28;;;2016.0;-478542
-1;71400;RAINFOREST_RESIN;9996;2;9995;24;;;10002;-3;10004;-2;10005;-24;9999.0;-468542
-1;71400;KELP;2015;26;;;;;2018;-26;;;;;2016.5;-468542
-1;71500;RAINFOREST_RESIN;10002;0;9996;2;9995;26;10004;-2;10005;-26;;;10003.0;-428540
-1;71500;KELP;2015;25;;;;;2018;-28;;;;;2016.5;-428540
-1;71600;RAINFOREST_RESIN;9996;1;9995;27;;;9998;-3;10004;-1;10005;-27;9997.0;-398540
-1;71600;KELP;2014;28;;;;;2018;-28;;;;;2016.0;-398540
-1;71700;RAINFOREST_RESIN;9996;2;9995;29;;;10004;-2;10005;-29;;;10000.0;-368540
-1;71700;KELP;2014;31;;;;;2016;-4;2018;-31;;;2015.0;-368540
-1;71800;RAINFOREST_RESIN;10002;0;9996;2;9995;25;10004;-2;10005;-25;;;10003.0;-328538
-1;71800;KELP;2014;27;;;;;2018;-27;;;;;2016.0;-328538
-1;71900;RAINFOREST_RESIN;10002;0;9996;1;9995;25;10004;-1;10005;-25;;;10003.0;-288536
-1;71900;KELP;2014;26;;;;;2018;-26;;;;;2016.0;-288536
-1;72000;RAINFOREST_RESIN;9996;1;9995;20;;;10004;-1;10005;-20;;;10000.0;-278536
-1;72000;KELP;2015;21;;;;;2017;-6;2018;-21;;;2016.0;-278536
-1;72100;RAINFOREST_RESIN;9995;21;;;;;10005;-21;;;;;10000.0;-268536
-1;72100;KELP;2014;21;;;;;2016;-5;2018;-21;;;2015.0;-268536
-1;72200;RAINFOREST_RESIN;9996;2;9995;29;;;10004;-2;10005;-29;;;10000.0;-258536
-1;72200;KELP;2016;3;2014;31;;;2018;-31;;;;;2017.0;-258536
-1;72300;RAINFOREST_RESIN;9996;1;9995;22;;;10002;-8;10004;-1;10005;-22;9999.0;-248536
-1;72300;KELP;2014;23;;;;;2018;-23;;;;;2016.0;-248536
-1;72400;RAINFOREST_RESIN;10002;0;9996;2;9995;20;10004;-2;10005;-20;;;10003.0;-228534
-1;72400;KELP;2014;22;;;;;2016;-6;2018;-22;;;2015.0;-228534
-1;72500;RAINFOREST_RESIN;9996;2;9995;25;;;10004;-2;10005;-25;;;10000.0;-218534
-1;72500;KELP;2014;34;;;;;2017;-27;;;;;2015.5;-218534
-1;72600;RAINFOREST_RESIN;9996;2;9995;27;;;10004;-2;10005;-27;;;10000.0;-208534
-1;72600;KELP;2014;35;;;;;2015;-4;2017;-29;;;2014.5;-208534
-1;72700;RAINFOREST_RESIN;9995;23;;;;;10005;-23;;;;;10000.0;-198534
-1;72700;KELP;2014;23;;;;;2017;-23;;;;;2015.5;-198534
-1;72800;RAINFOREST_RESIN;9995;20;;;;;10005;-20;;;;;10000.0;-188534
-1;72800;KELP;2014;20;;;;;2017;-20;;;;;2015.5;-188534
-1;72900;RAINFOREST_RESIN;9998;1;9996;2;9995;22;10004;-2;10005;-22;;;10001.0;-178534
-1;72900;KELP;2014;24;;;;;2017;-24;;;;;2015.5;-178534
-1;73000;RAINFOREST_RESIN;9996;1;9995;21;;;10002;-7;10004;-1;10005;-21;9999.0;-168534
-1;73000;KELP;2014;21;;;;;2016;-2;2017;-22;;;2015.0;-168534
-1;73100;RAINFOREST_RESIN;9996;2;9995;29;;;10002;-3;10004;-2;10005;-29;9999.0;-158534
-1;73100;KELP;2014;31;;;;;2017;-31;;;;;2015.5;-158534
-1;73200;RAINFOREST_RESIN;9995;21;;;;;10005;-21;;;;;10000.0;-148534
-1;73200;KELP;2014;21;;;;;2017;-21;;;;;2015.5;-148534
-1;73300;RAINFOREST_RESIN;9996;1;9995;29;;;10004;-1;10005;-29;;;10000.0;-138534
-1;73300;KELP;2014;30;;;;;2017;-30;;;;;2015.5;-138534
-1;73400;RAINFOREST_RESIN;9995;30;;;;;9998;-1;10005;-30;;;9996.5;-128534
-1;73400;KELP;2014;30;;;;;2016;-4;2017;-30;;;2015.0;-128534
-1;73500;RAINFOREST_RESIN;9996;2;9995;23;;;10004;-2;10005;-23;;;10000.0;-118534
-1;73500;KELP;2014;25;;;;;2017;-25;;;;;2015.5;-118534
-1;73600;RAINFOREST_RESIN;9996;1;9995;24;;;10004;-1;10005;-24;;;10000.0;-108534
-1;73600;KELP;2014;25;;;;;2017;-25;;;;;2015.5;-108534
-1;73700;RAINFOREST_RESIN;9995;24;;;;;10005;-24;;;;;10000.0;-98534
-1;73700;KELP;2014;24;;;;;2017;-24;;;;;2015.5;-98534
-1;73800;RAINFOREST_RESIN;9995;24;;;;;10005;-24;;;;;10000.0;-88534
-1;73800;KELP;2014;24;;;;;2016;-5;2018;-24;;;2015.0;-88534
-1;73900;RAINFOREST_RESIN;9995;30;;;;;10005;-30;;;;;10000.0;-78534
-1;73900;KELP;2015;27;;;;;2018;-30;;;;;2016.5;-78534
-1;74000;RAINFOREST_RESIN;10002;0;9998;10;9996;2;10004;-2;10005;-24;;;10003.0;-58532
-1;74000;KELP;2015;26;;;;;2017;-3;2018;-26;;;2016.0;-58532
-1;74100;RAINFOREST_RESIN;10000;0;9996;2;9995;30;10004;-2;10005;-30;;;10002.0;11468
-1;74100;KELP;2016;6;2015;32;;;2018;-32;;;;;2017.0;11468
-1;74200;RAINFOREST_RESIN;9996;2;9995;20;;;10002;-6;10004;-2;10005;-20;9999.0;21470
-1;74200;KELP;2015;22;;;;;2018;-22;;;;;2016.5;21470
-1;74300;RAINFOREST_RESIN;9996;2;9995;30;;;10002;-6;10004;-2;10005;-30;9999.0;31472
-1;74300;KELP;2015;5;2014;32;;;2018;-32;;;;;2016.5;31472
-1;74400;RAINFOREST_RESIN;9995;30;;;;;10005;-30;;;;;10000.0;41474
-1;74400;KELP;2015;30;;;;;2018;-30;;;;;2016.5;41474
-1;74500;RAINFOREST_RESIN;10000;3;9995;29;;;10005;-29;;;;;10002.5;51476
-1;74500;KELP;2016;3;2014;29;;;2018;-29;;;;;2017.0;51476
-1;74600;RAINFOREST_RESIN;10002;0;9998;7;9995;29;10005;-29;;;;;10003.5;71480
-1;74600;KELP;2014;29;;;;;2018;-29;;;;;2016.0;71480
-1;74700;RAINFOREST_RESIN;9996;2;9995;30;;;10004;-2;10005;-30;;;10000.0;81482
-1;74700;KELP;2014;32;;;;;2018;-32;;;;;2016.0;81482
-1;74800;RAINFOREST_RESIN;9998;9;9996;1;9995;25;10004;-1;10005;-25;;;10001.0;91484
-1;74800;KELP;2014;26;;;;;2018;-26;;;;;2016.0;91484
