timestamp;buyer;seller;symbol;currency;price;quantity
0;;SUBMISSION;RAINFOREST_RESIN;SEASHELLS;10002;1
100;;SUBMISSION;RAINFOREST_RESIN;SEASHELLS;10002;1
200;;SUBMISSION;RAINFOREST_RESIN;SEASHELLS;10002;1
300;;SUBMISSION;RAINFOREST_RESIN;SEASHELLS;10002;1
400;;SUBMISSION;RAINFOREST_RESIN;SEASHELLS;10002;1
500;;SUBMISSION;RAINFOREST_RESIN;SEASHELLS;10002;1
600;;SUBMISSION;RAINFOREST_RESIN;SEASHELLS;10002;1
700;;SUBMISSION;RAINFOREST_RESIN;SEASHELLS;10002;1
800;;SUBMISSION;RAINFOREST_RESIN;SEASHELLS;10002;1
900;;SUBMISSION;RAINFOREST_RESIN;SEASHELLS;10002;1
1000;;SUBMISSION;RAINFOREST_RESIN;SEASHELLS;10002;1
1100;;SUBMISSION;RAINFOREST_RESIN;SEASHELLS;10002;1
1200;SUBMISSION;;RAINFOREST_RESIN;SEASHELLS;10000;2
1300;SUBMISSION;;RAINFOREST_RESIN;SEASHELLS;10000;2
1300;;SUBMISSION;RAINFOREST_RESIN;SEASHELLS;10002;1
1400;SUBMISSION;;RAINFOREST_RESIN;SEASHELLS;10000;2
1500;SUBMISSION;;RAINFOREST_RESIN;SEASHELLS;10000;2
1600;SUBMISSION;;RAINFOREST_RESIN;SEASHELLS;10000;2
1700;;SUBMISSION;RAINFOREST_RESIN;SEASHELLS;10002;1
1800;;SUBMISSION;RAINFOREST_RESIN;SEASHELLS;10002;1
1800;;SUBMISSION;RAINFOREST_RESIN;SEASHELLS;10002;1
1900;;SUBMISSION;RAINFOREST_RESIN;SEASHELLS;10002;1
2000;;SUBMISSION;RAINFOREST_RESIN;SEASHELLS;10002;1
2100;SUBMISSION;;RAINFOREST_RESIN;SEASHELLS;10000;1
2200;SUBMISSION;;RAINFOREST_RESIN;SEASHELLS;10000;1
2300;SUBMISSION;;RAINFOREST_RESIN;SEASHELLS;10000;1
2400;SUBMISSION;;RAINFOREST_RESIN;SEASHELLS;10000;1
2500;SUBMISSION;;RAINFOREST_RESIN;SEASHELLS;10000;1
2600;SUBMISSION;;RAINFOREST_RESIN;SEASHELLS;10000;1
2700;SUBMISSION;;RAINFOREST_RESIN;SEASHELLS;10000;1
2800;SUBMISSION;;RAINFOREST_RESIN;SEASHELLS;10000;1
2900;SUBMISSION;;RAINFOREST_RESIN;SEASHELLS;9999;1
3000;SUBMISSION;;RAINFOREST_RESIN;SEASHELLS;9998;1
3000;SUBMISSION;;RAINFOREST_RESIN;SEASHELLS;9998;11
3100;;SUBMISSION;RAINFOREST_RESIN;SEASHELLS;10000;1
3200;SUBMISSION;;RAINFOREST_RESIN;SEASHELLS;9998;2
3300;SUBMISSION;;RAINFOREST_RESIN;SEASHELLS;9998;1
3300;SUBMISSION;;RAINFOREST_RESIN;SEASHELLS;9998;1
3400;SUBMISSION;;RAINFOREST_RESIN;SEASHELLS;9998;1
3400;SUBMISSION;;RAINFOREST_RESIN;SEASHELLS;9998;1
3500;SUBMISSION;;RAINFOREST_RESIN;SEASHELLS;9998;1
3500;SUBMISSION;;RAINFOREST_RESIN;SEASHELLS;9998;1
3600;SUBMISSION;;RAINFOREST_RESIN;SEASHELLS;9998;1
3600;SUBMISSION;;RAINFOREST_RESIN;SEASHELLS;9998;1
3700;SUBMISSION;;RAINFOREST_RESIN;SEASHELLS;9998;1
3700;SUBMISSION;;RAINFOREST_RESIN;SEASHELLS;9998;1
3700;;SUBMISSION;RAINFOREST_RESIN;SEASHELLS;10002;1
3800;;SUBMISSION;RAINFOREST_RESIN;SEASHELLS;10000;1
3900;SUBMISSION;;RAINFOREST_RESIN;SEASHELLS;9998;1
4000;SUBMISSION;;RAINFOREST_RESIN;SEASHELLS;9998;1
4100;SUBMISSION;;RAINFOREST_RESIN;SEASHELLS;9998;1
4200;SUBMISSION;;RAINFOREST_RESIN;SEASHELLS;9998;1
4300;SUBMISSION;;RAINFOREST_RESIN;SEASHELLS;9998;2
4400;SUBMISSION;;RAINFOREST_RESIN;SEASHELLS;9998;2
4500;SUBMISSION;;RAINFOREST_RESIN;SEASHELLS;9998;2
4600;SUBMISSION;;RAINFOREST_RESIN;SEASHELLS;9998;2
4700;SUBMISSION;;RAINFOREST_RESIN;SEASHELLS;9998;2
4800;SUBMISSION;;RAINFOREST_RESIN;SEASHELLS;9998;2
4900;;SUBMISSION;RAINFOREST_RESIN;SEASHELLS;10000;2
5000;;SUBMISSION;RAINFOREST_RESIN;SEASHELLS;10000;2
5100;;SUBMISSION;RAINFOREST_RESIN;SEASHELLS;10000;2
5200;;SUBMISSION;RAINFOREST_RESIN;SEASHELLS;10000;2
5300;;SUBMISSION;RAINFOREST_RESIN;SEASHELLS;10000;2
5400;;SUBMISSION;RAINFOREST_RESIN;SEASHELLS;10000;2
5500;;SUBMISSION;RAINFOREST_RESIN;SEASHELLS;10000;2
5600;;SUBMISSION;RAINFOREST_RESIN;SEASHELLS;10000;2
5700;;SUBMISSION;RAINFOREST_RESIN;SEASHELLS;10000;2
5800;;SUBMISSION;RAINFOREST_RESIN;SEASHELLS;10000;2
5900;;SUBMISSION;RAINFOREST_RESIN;SEASHELLS;10000;2
6000;;SUBMISSION;RAINFOREST_RESIN;SEASHELLS;10000;2
6100;;SUBMISSION;RAINFOREST_RESIN;SEASHELLS;10000;2
6200;;SUBMISSION;RAINFOREST_RESIN;SEASHELLS;10000;2
6300;;SUBMISSION;RAINFOREST_RESIN;SEASHELLS;10000;2
6400;;SUBMISSION;RAINFOREST_RESIN;SEASHELLS;10000;2
6500;;SUBMISSION;RAINFOREST_RESIN;SEASHELLS;10000;2
6600;SUBMISSION;;RAINFOREST_RESIN;SEASHELLS;9998;1
6700;;SUBMISSION;RAINFOREST_RESIN;SEASHELLS;10000;3
6800;;SUBMISSION;RAINFOREST_RESIN;SEASHELLS;10000;3
6900;;SUBMISSION;RAINFOREST_RESIN;SEASHELLS;10002;1
7000;;SUBMISSION;RAINFOREST_RESIN;SEASHELLS;10002;1
7100;;SUBMISSION;RAINFOREST_RESIN;SEASHELLS;10002;2
7200;;SUBMISSION;RAINFOREST_RESIN;SEASHELLS;10002;2
7300;;SUBMISSION;RAINFOREST_RESIN;SEASHELLS;10002;1
7300;;SUBMISSION;RAINFOREST_RESIN;SEASHELLS;10002;2
7400;;SUBMISSION;RAINFOREST_RESIN;SEASHELLS;10002;2
7500;;SUBMISSION;RAINFOREST_RESIN;SEASHELLS;10002;2
7600;;SUBMISSION;RAINFOREST_RESIN;SEASHELLS;10002;2
7700;;SUBMISSION;RAINFOREST_RESIN;SEASHELLS;10002;2
7800;;SUBMISSION;RAINFOREST_RESIN;SEASHELLS;10002;2
7900;;SUBMISSION;RAINFOREST_RESIN;SEASHELLS;10002;2
8000;;SUBMISSION;RAINFOREST_RESIN;SEASHELLS;10002;2
8100;;SUBMISSION;RAINFOREST_RESIN;SEASHELLS;10002;2
8200;SUBMISSION;;RAINFOREST_RESIN;SEASHELLS;10000;1
8200;SUBMISSION;;RAINFOREST_RESIN;SEASHELLS;10000;1
8300;SUBMISSION;;RAINFOREST_RESIN;SEASHELLS;10000;1
8300;SUBMISSION;;RAINFOREST_RESIN;SEASHELLS;10000;1
8400;SUBMISSION;;RAINFOREST_RESIN;SEASHELLS;10000;1
8400;SUBMISSION;;RAINFOREST_RESIN;SEASHELLS;10000;1
8500;SUBMISSION;;RAINFOREST_RESIN;SEASHELLS;10000;1
8500;SUBMISSION;;RAINFOREST_RESIN;SEASHELLS;10000;1
8600;SUBMISSION;;RAINFOREST_RESIN;SEASHELLS;10000;1
8600;SUBMISSION;;RAINFOREST_RESIN;SEASHELLS;10000;1
8700;SUBMISSION;;RAINFOREST_RESIN;SEASHELLS;10000;1
8700;SUBMISSION;;RAINFOREST_RESIN;SEASHELLS;10000;1
8800;SUBMISSION;;RAINFOREST_RESIN;SEASHELLS;10000;1
8800;SUBMISSION;;RAINFOREST_RESIN;SEASHELLS;10000;1
8900;SUBMISSION;;RAINFOREST_RESIN;SEASHELLS;10000;1
9000;SUBMISSION;;RAINFOREST_RESIN;SEASHELLS;10000;1
9100;SUBMISSION;;RAINFOREST_RESIN;SEASHELLS;10000;1
9200;SUBMISSION;;RAINFOREST_RESIN;SEASHELLS;10000;1
9300;SUBMISSION;;RAINFOREST_RESIN;SEASHELLS;10000;1
9400;SUBMISSION;;RAINFOREST_RESIN;SEASHELLS;10000;1
9500;SUBMISSION;;RAINFOREST_RESIN;SEASHELLS;10000;1
9600;SUBMISSION;;RAINFOREST_RESIN;SEASHELLS;10000;1
9700;SUBMISSION;;RAINFOREST_RESIN;SEASHELLS;10000;1
9800;SUBMISSION;;RAINFOREST_RESIN;SEASHELLS;10000;1
9900;SUBMISSION;;RAINFOREST_RESIN;SEASHELLS;10000;1
10000;SUBMISSION;;RAINFOREST_RESIN;SEASHELLS;10000;1
10100;SUBMISSION;;RAINFOREST_RESIN;SEASHELLS;9999;1
10200;SUBMISSION;;RAINFOREST_RESIN;SEASHELLS;9998;1
10300;SUBMISSION;;RAINFOREST_RESIN;SEASHELLS;9998;1
10400;SUBMISSION;;RAINFOREST_RESIN;SEASHELLS;9998;1
10400;;SUBMISSION;RAINFOREST_RESIN;SEASHELLS;10002;1
10500;;SUBMISSION;RAINFOREST_RESIN;SEASHELLS;10000;1
10600;;SUBMISSION;RAINFOREST_RESIN;SEASHELLS;10000;1
10700;;SUBMISSION;RAINFOREST_RESIN;SEASHELLS;10000;1
10800;;SUBMISSION;RAINFOREST_RESIN;SEASHELLS;10001;1
10900;;SUBMISSION;RAINFOREST_RESIN;SEASHELLS;10002;2
10900;;SUBMISSION;RAINFOREST_RESIN;SEASHELLS;10002;10
11000;;SUBMISSION;RAINFOREST_RESIN;SEASHELLS;10002;2
11000;;SUBMISSION;RAINFOREST_RESIN;SEASHELLS;10002;10
11100;;SUBMISSION;RAINFOREST_RESIN;SEASHELLS;10002;2
11100;;SUBMISSION;RAINFOREST_RESIN;SEASHELLS;10002;10
11200;SUBMISSION;;RAINFOREST_RESIN;SEASHELLS;10000;3
11200;SUBMISSION;;RAINFOREST_RESIN;SEASHELLS;10000;4
11300;SUBMISSION;;RAINFOREST_RESIN;SEASHELLS;10000;3
11300;SUBMISSION;;RAINFOREST_RESIN;SEASHELLS;10000;4
11400;SUBMISSION;;RAINFOREST_RESIN;SEASHELLS;10000;3
11400;SUBMISSION;;RAINFOREST_RESIN;SEASHELLS;10000;4
11500;;SUBMISSION;RAINFOREST_RESIN;SEASHELLS;10002;2
11600;;SUBMISSION;RAINFOREST_RESIN;SEASHELLS;10002;2
11700;;SUBMISSION;RAINFOREST_RESIN;SEASHELLS;10002;2
11800;;SUBMISSION;RAINFOREST_RESIN;SEASHELLS;10002;2
11900;;SUBMISSION;RAINFOREST_RESIN;SEASHELLS;10002;2
12000;;SUBMISSION;RAINFOREST_RESIN;SEASHELLS;10002;1
12000;;SUBMISSION;RAINFOREST_RESIN;SEASHELLS;10002;2
12100;;SUBMISSION;RAINFOREST_RESIN;SEASHELLS;10002;1
12200;;SUBMISSION;RAINFOREST_RESIN;SEASHELLS;10002;1
12300;;SUBMISSION;RAINFOREST_RESIN;SEASHELLS;10002;1
12400;;SUBMISSION;RAINFOREST_RESIN;SEASHELLS;10002;1
12500;;SUBMISSION;RAINFOREST_RESIN;SEASHELLS;10002;1
12600;;SUBMISSION;RAINFOREST_RESIN;SEASHELLS;10002;1
12700;;SUBMISSION;RAINFOREST_RESIN;SEASHELLS;10002;1
12800;;SUBMISSION;RAINFOREST_RESIN;SEASHELLS;10002;1
12900;;SUBMISSION;RAINFOREST_RESIN;SEASHELLS;10002;1
13000;;SUBMISSION;RAINFOREST_RESIN;SEASHELLS;10002;1
13000;;SUBMISSION;RAINFOREST_RESIN;SEASHELLS;10002;1
13100;;SUBMISSION;RAINFOREST_RESIN;SEASHELLS;10002;1
13200;SUBMISSION;;RAINFOREST_RESIN;SEASHELLS;10000;2
13300;SUBMISSION;;RAINFOREST_RESIN;SEASHELLS;10000;2
13400;;SUBMISSION;RAINFOREST_RESIN;SEASHELLS;10002;2
13500;;SUBMISSION;RAINFOREST_RESIN;SEASHELLS;10002;2
13600;;SUBMISSION;RAINFOREST_RESIN;SEASHELLS;10002;2
13700;;SUBMISSION;RAINFOREST_RESIN;SEASHELLS;10002;2
13800;;SUBMISSION;RAINFOREST_RESIN;SEASHELLS;10002;2
13900;;SUBMISSION;RAINFOREST_RESIN;SEASHELLS;10002;2
14000;;SUBMISSION;RAINFOREST_RESIN;SEASHELLS;10002;1
15500;SUBMISSION;;RAINFOREST_RESIN;SEASHELLS;10000;1
15600;SUBMISSION;;RAINFOREST_RESIN;SEASHELLS;10000;1
15700;;SUBMISSION;RAINFOREST_RESIN;SEASHELLS;10002;2
16300;SUBMISSION;;RAINFOREST_RESIN;SEASHELLS;10000;1
16400;;SUBMISSION;RAINFOREST_RESIN;SEASHELLS;10002;1
16900;SUBMISSION;;RAINFOREST_RESIN;SEASHELLS;10000;5
17000;SUBMISSION;;RAINFOREST_RESIN;SEASHELLS;10000;5
17100;SUBMISSION;;RAINFOREST_RESIN;SEASHELLS;10000;5
17200;SUBMISSION;;RAINFOREST_RESIN;SEASHELLS;10000;5
17300;SUBMISSION;;RAINFOREST_RESIN;SEASHELLS;10000;5
17400;SUBMISSION;;RAINFOREST_RESIN;SEASHELLS;10000;5
17500;SUBMISSION;;RAINFOREST_RESIN;SEASHELLS;10000;5
17600;SUBMISSION;;RAINFOREST_RESIN;SEASHELLS;10000;5
17700;SUBMISSION;;RAINFOREST_RESIN;SEASHELLS;10000;5
17800;SUBMISSION;;RAINFOREST_RESIN;SEASHELLS;10000;5
17900;SUBMISSION;;RAINFOREST_RESIN;SEASHELLS;9999;5
18000;SUBMISSION;;RAINFOREST_RESIN;SEASHELLS;9998;5
18100;SUBMISSION;;RAINFOREST_RESIN;SEASHELLS;9998;5
18200;SUBMISSION;;RAINFOREST_RESIN;SEASHELLS;9998;5
18300;SUBMISSION;;RAINFOREST_RESIN;SEASHELLS;9998;5
18400;SUBMISSION;;RAINFOREST_RESIN;SEASHELLS;9998;5
18500;SUBMISSION;;RAINFOREST_RESIN;SEASHELLS;9998;5
18600;SUBMISSION;;RAINFOREST_RESIN;SEASHELLS;9998;5
18600;;SUBMISSION;RAINFOREST_RESIN;SEASHELLS;10002;1
18700;SUBMISSION;;RAINFOREST_RESIN;SEASHELLS;9998;5
18800;SUBMISSION;;RAINFOREST_RESIN;SEASHELLS;9998;5
18900;SUBMISSION;;RAINFOREST_RESIN;SEASHELLS;9998;1
19700;;SUBMISSION;RAINFOREST_RESIN;SEASHELLS;10002;1
19800;;SUBMISSION;RAINFOREST_RESIN;SEASHELLS;10000;1
19900;;SUBMISSION;RAINFOREST_RESIN;SEASHELLS;10000;1
20000;;SUBMISSION;RAINFOREST_RESIN;SEASHELLS;10000;1
20100;;SUBMISSION;RAINFOREST_RESIN;SEASHELLS;10002;1
20100;;SUBMISSION;RAINFOREST_RESIN;SEASHELLS;10000;4
20200;;SUBMISSION;RAINFOREST_RESIN;SEASHELLS;10000;4
20200;;SUBMISSION;RAINFOREST_RESIN;SEASHELLS;10000;1
20300;SUBMISSION;;RAINFOREST_RESIN;SEASHELLS;9998;1
20400;SUBMISSION;;RAINFOREST_RESIN;SEASHELLS;9998;1
20500;SUBMISSION;;RAINFOREST_RESIN;SEASHELLS;9998;1
20500;;SUBMISSION;RAINFOREST_RESIN;SEASHELLS;10000;3
20600;SUBMISSION;;RAINFOREST_RESIN;SEASHELLS;9998;1
20700;SUBMISSION;;RAINFOREST_RESIN;SEASHELLS;9998;1
20700;;SUBMISSION;RAINFOREST_RESIN;SEASHELLS;10002;1
20700;;SUBMISSION;RAINFOREST_RESIN;SEASHELLS;10000;6
20800;;SUBMISSION;RAINFOREST_RESIN;SEASHELLS;10000;1
20900;;SUBMISSION;RAINFOREST_RESIN;SEASHELLS;10000;1
21000;;SUBMISSION;RAINFOREST_RESIN;SEASHELLS;10000;1
21100;;SUBMISSION;RAINFOREST_RESIN;SEASHELLS;10000;1
21200;;SUBMISSION;RAINFOREST_RESIN;SEASHELLS;10000;1
21300;SUBMISSION;;RAINFOREST_RESIN;SEASHELLS;9998;1
21400;SUBMISSION;;RAINFOREST_RESIN;SEASHELLS;9998;1
21400;SUBMISSION;;RAINFOREST_RESIN;SEASHELLS;9998;7
21500;SUBMISSION;;RAINFOREST_RESIN;SEASHELLS;9998;1
21500;SUBMISSION;;RAINFOREST_RESIN;SEASHELLS;9998;7
21600;SUBMISSION;;RAINFOREST_RESIN;SEASHELLS;9998;1
21600;SUBMISSION;;RAINFOREST_RESIN;SEASHELLS;9998;6
21600;;SUBMISSION;RAINFOREST_RESIN;SEASHELLS;10002;12
21700;SUBMISSION;;RAINFOREST_RESIN;SEASHELLS;9998;1
21700;SUBMISSION;;RAINFOREST_RESIN;SEASHELLS;9998;7
21800;SUBMISSION;;RAINFOREST_RESIN;SEASHELLS;9998;1
21800;SUBMISSION;;RAINFOREST_RESIN;SEASHELLS;9998;3
21900;;SUBMISSION;RAINFOREST_RESIN;SEASHELLS;10002;3
22000;SUBMISSION;;RAINFOREST_RESIN;SEASHELLS;9998;1
22000;SUBMISSION;;RAINFOREST_RESIN;SEASHELLS;9998;2
22600;;SUBMISSION;RAINFOREST_RESIN;SEASHELLS;10000;6
22700;SUBMISSION;;RAINFOREST_RESIN;SEASHELLS;9998;1
22800;SUBMISSION;;RAINFOREST_RESIN;SEASHELLS;9998;1
22900;SUBMISSION;;RAINFOREST_RESIN;SEASHELLS;9998;2
23000;SUBMISSION;;RAINFOREST_RESIN;SEASHELLS;9998;2
23700;;SUBMISSION;RAINFOREST_RESIN;SEASHELLS;10002;1
23800;;SUBMISSION;RAINFOREST_RESIN;SEASHELLS;10000;1
23900;;SUBMISSION;RAINFOREST_RESIN;SEASHELLS;10000;1
24000;;SUBMISSION;RAINFOREST_RESIN;SEASHELLS;10000;1
24100;;SUBMISSION;RAINFOREST_RESIN;SEASHELLS;10000;1
24200;SUBMISSION;;RAINFOREST_RESIN;SEASHELLS;9998;1
24200;SUBMISSION;;RAINFOREST_RESIN;SEASHELLS;9998;4
24400;;SUBMISSION;RAINFOREST_RESIN;SEASHELLS;10002;1
24500;SUBMISSION;;RAINFOREST_RESIN;SEASHELLS;9998;1
24500;;SUBMISSION;RAINFOREST_RESIN;SEASHELLS;10002;1
24600;;SUBMISSION;RAINFOREST_RESIN;SEASHELLS;10000;1
24700;SUBMISSION;;RAINFOREST_RESIN;SEASHELLS;9998;2
24900;;SUBMISSION;RAINFOREST_RESIN;SEASHELLS;10002;1
25000;SUBMISSION;;RAINFOREST_RESIN;SEASHELLS;9998;1
25100;;SUBMISSION;RAINFOREST_RESIN;SEASHELLS;10002;1
25200;SUBMISSION;;RAINFOREST_RESIN;SEASHELLS;9998;1
25200;;SUBMISSION;RAINFOREST_RESIN;SEASHELLS;10000;1
25300;SUBMISSION;;RAINFOREST_RESIN;SEASHELLS;9998;1
25300;;SUBMISSION;RAINFOREST_RESIN;SEASHELLS;10000;1
25400;SUBMISSION;;RAINFOREST_RESIN;SEASHELLS;9998;1
25400;;SUBMISSION;RAINFOREST_RESIN;SEASHELLS;10000;1
25500;SUBMISSION;;RAINFOREST_RESIN;SEASHELLS;9998;1
25500;;SUBMISSION;RAINFOREST_RESIN;SEASHELLS;10000;1
25600;SUBMISSION;;RAINFOREST_RESIN;SEASHELLS;9998;1
25600;;SUBMISSION;RAINFOREST_RESIN;SEASHELLS;10000;1
25700;SUBMISSION;;RAINFOREST_RESIN;SEASHELLS;9998;1
25700;;SUBMISSION;RAINFOREST_RESIN;SEASHELLS;10000;1
25800;;SUBMISSION;RAINFOREST_RESIN;SEASHELLS;10002;4
25800;;SUBMISSION;RAINFOREST_RESIN;SEASHELLS;10000;2
25900;;SUBMISSION;RAINFOREST_RESIN;SEASHELLS;10000;2
26000;;SUBMISSION;RAINFOREST_RESIN;SEASHELLS;10000;2
26100;;SUBMISSION;RAINFOREST_RESIN;SEASHELLS;10000;2
26200;;SUBMISSION;RAINFOREST_RESIN;SEASHELLS;10000;2
26300;;SUBMISSION;RAINFOREST_RESIN;SEASHELLS;10000;2
26400;SUBMISSION;;RAINFOREST_RESIN;SEASHELLS;9998;1
26500;SUBMISSION;;RAINFOREST_RESIN;SEASHELLS;9998;1
26600;SUBMISSION;;RAINFOREST_RESIN;SEASHELLS;9998;1
26700;SUBMISSION;;RAINFOREST_RESIN;SEASHELLS;9998;1
26800;SUBMISSION;;RAINFOREST_RESIN;SEASHELLS;9998;1
26900;SUBMISSION;;RAINFOREST_RESIN;SEASHELLS;9998;1
26900;;SUBMISSION;RAINFOREST_RESIN;SEASHELLS;10002;1
27000;SUBMISSION;;RAINFOREST_RESIN;SEASHELLS;9998;1
27100;SUBMISSION;;RAINFOREST_RESIN;SEASHELLS;9998;1
27200;SUBMISSION;;RAINFOREST_RESIN;SEASHELLS;9998;1
27300;SUBMISSION;;RAINFOREST_RESIN;SEASHELLS;9998;1
27400;SUBMISSION;;RAINFOREST_RESIN;SEASHELLS;9998;1
27500;SUBMISSION;;RAINFOREST_RESIN;SEASHELLS;9998;1
27600;SUBMISSION;;RAINFOREST_RESIN;SEASHELLS;9998;4
27700;SUBMISSION;;RAINFOREST_RESIN;SEASHELLS;9998;2
28600;;SUBMISSION;RAINFOREST_RESIN;SEASHELLS;10002;1
28700;SUBMISSION;;RAINFOREST_RESIN;SEASHELLS;9998;1
29100;;SUBMISSION;RAINFOREST_RESIN;SEASHELLS;10000;8
29200;;SUBMISSION;RAINFOREST_RESIN;SEASHELLS;10000;8
29300;;SUBMISSION;RAINFOREST_RESIN;SEASHELLS;10000;8
29400;;SUBMISSION;RAINFOREST_RESIN;SEASHELLS;10002;1
29400;;SUBMISSION;RAINFOREST_RESIN;SEASHELLS;10000;1
29500;;SUBMISSION;RAINFOREST_RESIN;SEASHELLS;10000;1
29600;;SUBMISSION;RAINFOREST_RESIN;SEASHELLS;10000;1
29700;;SUBMISSION;RAINFOREST_RESIN;SEASHELLS;10000;1
29800;;SUBMISSION;RAINFOREST_RESIN;SEASHELLS;10000;1
29900;;SUBMISSION;RAINFOREST_RESIN;SEASHELLS;10000;1
30000;SUBMISSION;;RAINFOREST_RESIN;SEASHELLS;9998;1
30100;SUBMISSION;;RAINFOREST_RESIN;SEASHELLS;9998;1
30100;SUBMISSION;;RAINFOREST_RESIN;SEASHELLS;9998;3
30200;SUBMISSION;;RAINFOREST_RESIN;SEASHELLS;9998;1
30200;SUBMISSION;;RAINFOREST_RESIN;SEASHELLS;9998;3
30300;SUBMISSION;;RAINFOREST_RESIN;SEASHELLS;9998;1
30300;SUBMISSION;;RAINFOREST_RESIN;SEASHELLS;9998;3
30400;SUBMISSION;;RAINFOREST_RESIN;SEASHELLS;9998;1
30400;SUBMISSION;;RAINFOREST_RESIN;SEASHELLS;9998;3
30400;;SUBMISSION;RAINFOREST_RESIN;SEASHELLS;10000;5
30500;SUBMISSION;;RAINFOREST_RESIN;SEASHELLS;9998;1
30500;SUBMISSION;;RAINFOREST_RESIN;SEASHELLS;9998;3
30600;SUBMISSION;;RAINFOREST_RESIN;SEASHELLS;9998;1
30600;SUBMISSION;;RAINFOREST_RESIN;SEASHELLS;9998;3
30700;;SUBMISSION;RAINFOREST_RESIN;SEASHELLS;10000;1
30800;;SUBMISSION;RAINFOREST_RESIN;SEASHELLS;10000;1
30900;;SUBMISSION;RAINFOREST_RESIN;SEASHELLS;10000;1
31000;;SUBMISSION;RAINFOREST_RESIN;SEASHELLS;10000;4
31000;;SUBMISSION;RAINFOREST_RESIN;SEASHELLS;10000;1
31100;;SUBMISSION;RAINFOREST_RESIN;SEASHELLS;10000;1
31200;;SUBMISSION;RAINFOREST_RESIN;SEASHELLS;10000;1
31300;;SUBMISSION;RAINFOREST_RESIN;SEASHELLS;10000;1
31400;;SUBMISSION;RAINFOREST_RESIN;SEASHELLS;10000;1
31500;;SUBMISSION;RAINFOREST_RESIN;SEASHELLS;10000;1
31600;;SUBMISSION;RAINFOREST_RESIN;SEASHELLS;10000;1
31700;;SUBMISSION;RAINFOREST_RESIN;SEASHELLS;10000;1
31800;;SUBMISSION;RAINFOREST_RESIN;SEASHELLS;10000;6
31800;;SUBMISSION;RAINFOREST_RESIN;SEASHELLS;10000;1
31900;;SUBMISSION;RAINFOREST_RESIN;SEASHELLS;10000;1
32000;;SUBMISSION;RAINFOREST_RESIN;SEASHELLS;10000;2
32100;;SUBMISSION;RAINFOREST_RESIN;SEASHELLS;10000;2
32200;;SUBMISSION;RAINFOREST_RESIN;SEASHELLS;10000;2
32300;;SUBMISSION;RAINFOREST_RESIN;SEASHELLS;10000;2
32400;;SUBMISSION;RAINFOREST_RESIN;SEASHELLS;10000;2
32500;;SUBMISSION;RAINFOREST_RESIN;SEASHELLS;10000;2
32600;;SUBMISSION;RAINFOREST_RESIN;SEASHELLS;10002;1
32600;;SUBMISSION;RAINFOREST_RESIN;SEASHELLS;10000;2
32700;;SUBMISSION;RAINFOREST_RESIN;SEASHELLS;10000;2
32700;;SUBMISSION;RAINFOREST_RESIN;SEASHELLS;10000;1
32800;;SUBMISSION;RAINFOREST_RESIN;SEASHELLS;10002;2
32800;;SUBMISSION;RAINFOREST_RESIN;SEASHELLS;10002;1
32900;SUBMISSION;;RAINFOREST_RESIN;SEASHELLS;10000;2
33000;;SUBMISSION;RAINFOREST_RESIN;SEASHELLS;10002;6
33100;;SUBMISSION;RAINFOREST_RESIN;SEASHELLS;10002;6
33200;;SUBMISSION;RAINFOREST_RESIN;SEASHELLS;10002;6
33300;;SUBMISSION;RAINFOREST_RESIN;SEASHELLS;10002;6
33400;;SUBMISSION;RAINFOREST_RESIN;SEASHELLS;10002;6
33500;;SUBMISSION;RAINFOREST_RESIN;SEASHELLS;10002;6
33600;;SUBMISSION;RAINFOREST_RESIN;SEASHELLS;10002;6
33600;;SUBMISSION;RAINFOREST_RESIN;SEASHELLS;10002;1
33700;;SUBMISSION;RAINFOREST_RESIN;SEASHELLS;10002;4
34200;SUBMISSION;;RAINFOREST_RESIN;SEASHELLS;10000;1
34200;SUBMISSION;;RAINFOREST_RESIN;SEASHELLS;10000;2
34300;SUBMISSION;;RAINFOREST_RESIN;SEASHELLS;10000;1
34300;SUBMISSION;;RAINFOREST_RESIN;SEASHELLS;10000;2
34300;;SUBMISSION;RAINFOREST_RESIN;SEASHELLS;10002;1
34400;;SUBMISSION;RAINFOREST_RESIN;SEASHELLS;10002;1
34500;;SUBMISSION;RAINFOREST_RESIN;SEASHELLS;10002;1
34600;;SUBMISSION;RAINFOREST_RESIN;SEASHELLS;10002;1
34700;;SUBMISSION;RAINFOREST_RESIN;SEASHELLS;10002;1
34800;;SUBMISSION;RAINFOREST_RESIN;SEASHELLS;10002;1
36300;SUBMISSION;;RAINFOREST_RESIN;SEASHELLS;10000;1
36400;SUBMISSION;;RAINFOREST_RESIN;SEASHELLS;10000;1
36500;SUBMISSION;;RAINFOREST_RESIN;SEASHELLS;10000;1
36600;SUBMISSION;;RAINFOREST_RESIN;SEASHELLS;10000;1
36700;SUBMISSION;;RAINFOREST_RESIN;SEASHELLS;10000;1
36800;SUBMISSION;;RAINFOREST_RESIN;SEASHELLS;10000;1
36900;SUBMISSION;;RAINFOREST_RESIN;SEASHELLS;10000;1
37000;SUBMISSION;;RAINFOREST_RESIN;SEASHELLS;10000;1
37100;SUBMISSION;;RAINFOREST_RESIN;SEASHELLS;10000;1
37200;SUBMISSION;;RAINFOREST_RESIN;SEASHELLS;10000;1
37300;SUBMISSION;;RAINFOREST_RESIN;SEASHELLS;10000;1
37400;SUBMISSION;;RAINFOREST_RESIN;SEASHELLS;10000;1
37400;;SUBMISSION;RAINFOREST_RESIN;SEASHELLS;10002;1
37500;SUBMISSION;;RAINFOREST_RESIN;SEASHELLS;10000;1
37600;SUBMISSION;;RAINFOREST_RESIN;SEASHELLS;10000;1
37700;SUBMISSION;;RAINFOREST_RESIN;SEASHELLS;10000;1
37800;SUBMISSION;;RAINFOREST_RESIN;SEASHELLS;10000;1
37900;SUBMISSION;;RAINFOREST_RESIN;SEASHELLS;10000;1
38000;SUBMISSION;;RAINFOREST_RESIN;SEASHELLS;10000;1
38000;;SUBMISSION;RAINFOREST_RESIN;SEASHELLS;10002;1
38100;SUBMISSION;;RAINFOREST_RESIN;SEASHELLS;10000;1
38200;SUBMISSION;;RAINFOREST_RESIN;SEASHELLS;10000;1
38300;SUBMISSION;;RAINFOREST_RESIN;SEASHELLS;10000;1
38400;SUBMISSION;;RAINFOREST_RESIN;SEASHELLS;10000;1
38500;SUBMISSION;;RAINFOREST_RESIN;SEASHELLS;10000;1
38500;;SUBMISSION;RAINFOREST_RESIN;SEASHELLS;10002;1
38600;;SUBMISSION;RAINFOREST_RESIN;SEASHELLS;10002;1
38700;SUBMISSION;;RAINFOREST_RESIN;SEASHELLS;10000;1
38800;SUBMISSION;;RAINFOREST_RESIN;SEASHELLS;10000;1
38900;SUBMISSION;;RAINFOREST_RESIN;SEASHELLS;10000;1
39000;SUBMISSION;;RAINFOREST_RESIN;SEASHELLS;10000;1
39100;SUBMISSION;;RAINFOREST_RESIN;SEASHELLS;10000;1
39200;SUBMISSION;;RAINFOREST_RESIN;SEASHELLS;10000;1
39300;SUBMISSION;;RAINFOREST_RESIN;SEASHELLS;10000;1
39400;SUBMISSION;;RAINFOREST_RESIN;SEASHELLS;10000;1
39500;;SUBMISSION;RAINFOREST_RESIN;SEASHELLS;10002;1
39600;SUBMISSION;;RAINFOREST_RESIN;SEASHELLS;10000;1
39700;SUBMISSION;;RAINFOREST_RESIN;SEASHELLS;10000;1
39800;SUBMISSION;;RAINFOREST_RESIN;SEASHELLS;10000;1
39900;SUBMISSION;;RAINFOREST_RESIN;SEASHELLS;10000;1
40000;SUBMISSION;;RAINFOREST_RESIN;SEASHELLS;10000;1
40100;SUBMISSION;;RAINFOREST_RESIN;SEASHELLS;10000;1
40200;SUBMISSION;;RAINFOREST_RESIN;SEASHELLS;10000;1
40300;SUBMISSION;;RAINFOREST_RESIN;SEASHELLS;10000;1
40400;SUBMISSION;;RAINFOREST_RESIN;SEASHELLS;10000;1
40500;SUBMISSION;;RAINFOREST_RESIN;SEASHELLS;10000;1
40500;;SUBMISSION;RAINFOREST_RESIN;SEASHELLS;10002;1
40600;SUBMISSION;;RAINFOREST_RESIN;SEASHELLS;10000;1
40700;SUBMISSION;;RAINFOREST_RESIN;SEASHELLS;10000;1
40800;SUBMISSION;;RAINFOREST_RESIN;SEASHELLS;10000;1
40900;SUBMISSION;;RAINFOREST_RESIN;SEASHELLS;10000;1
41000;;SUBMISSION;RAINFOREST_RESIN;SEASHELLS;10002;2
41000;;SUBMISSION;RAINFOREST_RESIN;SEASHELLS;10002;1
41000;;SUBMISSION;RAINFOREST_RESIN;SEASHELLS;10002;8
41100;;SUBMISSION;RAINFOREST_RESIN;SEASHELLS;10002;2
41100;;SUBMISSION;RAINFOREST_RESIN;SEASHELLS;10002;1
41100;;SUBMISSION;RAINFOREST_RESIN;SEASHELLS;10002;8
41200;;SUBMISSION;RAINFOREST_RESIN;SEASHELLS;10002;2
41200;;SUBMISSION;RAINFOREST_RESIN;SEASHELLS;10002;1
41200;;SUBMISSION;RAINFOREST_RESIN;SEASHELLS;10002;8
41300;;SUBMISSION;RAINFOREST_RESIN;SEASHELLS;10002;2
41300;;SUBMISSION;RAINFOREST_RESIN;SEASHELLS;10002;1
41300;;SUBMISSION;RAINFOREST_RESIN;SEASHELLS;10002;3
42700;SUBMISSION;;RAINFOREST_RESIN;SEASHELLS;10000;2
42800;SUBMISSION;;RAINFOREST_RESIN;SEASHELLS;10000;2
42900;SUBMISSION;;RAINFOREST_RESIN;SEASHELLS;10000;2
43000;;SUBMISSION;RAINFOREST_RESIN;SEASHELLS;10002;2
43100;;SUBMISSION;RAINFOREST_RESIN;SEASHELLS;10002;2
43200;;SUBMISSION;RAINFOREST_RESIN;SEASHELLS;10002;2
44900;SUBMISSION;;RAINFOREST_RESIN;SEASHELLS;10000;1
45000;SUBMISSION;;RAINFOREST_RESIN;SEASHELLS;10000;1
45000;;SUBMISSION;RAINFOREST_RESIN;SEASHELLS;10002;1
45100;;SUBMISSION;RAINFOREST_RESIN;SEASHELLS;10002;1
46700;SUBMISSION;;RAINFOREST_RESIN;SEASHELLS;10000;2
46800;SUBMISSION;;RAINFOREST_RESIN;SEASHELLS;10000;2
46900;SUBMISSION;;RAINFOREST_RESIN;SEASHELLS;10000;2
47000;SUBMISSION;;RAINFOREST_RESIN;SEASHELLS;10000;2
47100;SUBMISSION;;RAINFOREST_RESIN;SEASHELLS;10000;2
47200;SUBMISSION;;RAINFOREST_RESIN;SEASHELLS;10000;1
47200;;SUBMISSION;RAINFOREST_RESIN;SEASHELLS;10002;1
47300;SUBMISSION;;RAINFOREST_RESIN;SEASHELLS;10000;1
47300;;SUBMISSION;RAINFOREST_RESIN;SEASHELLS;10002;1
47400;SUBMISSION;;RAINFOREST_RESIN;SEASHELLS;10000;1
47500;;SUBMISSION;RAINFOREST_RESIN;SEASHELLS;10002;4
47600;;SUBMISSION;RAINFOREST_RESIN;SEASHELLS;10002;4
47700;;SUBMISSION;RAINFOREST_RESIN;SEASHELLS;10002;3
48200;SUBMISSION;;RAINFOREST_RESIN;SEASHELLS;10000;2
48300;SUBMISSION;;RAINFOREST_RESIN;SEASHELLS;10000;2
48400;SUBMISSION;;RAINFOREST_RESIN;SEASHELLS;10000;2
48500;SUBMISSION;;RAINFOREST_RESIN;SEASHELLS;10000;2
48600;SUBMISSION;;RAINFOREST_RESIN;SEASHELLS;10000;2
48700;SUBMISSION;;RAINFOREST_RESIN;SEASHELLS;10000;1
48800;SUBMISSION;;RAINFOREST_RESIN;SEASHELLS;10000;1
48900;SUBMISSION;;RAINFOREST_RESIN;SEASHELLS;10000;1
49000;SUBMISSION;;RAINFOREST_RESIN;SEASHELLS;10000;1
49100;SUBMISSION;;RAINFOREST_RESIN;SEASHELLS;10000;1
49200;SUBMISSION;;RAINFOREST_RESIN;SEASHELLS;10000;1
49300;SUBMISSION;;RAINFOREST_RESIN;SEASHELLS;10000;1
49400;SUBMISSION;;RAINFOREST_RESIN;SEASHELLS;10000;1
49500;SUBMISSION;;RAINFOREST_RESIN;SEASHELLS;10000;1
49600;SUBMISSION;;RAINFOREST_RESIN;SEASHELLS;10000;1
49700;SUBMISSION;;RAINFOREST_RESIN;SEASHELLS;10000;1
49800;SUBMISSION;;RAINFOREST_RESIN;SEASHELLS;10000;1
49900;SUBMISSION;;RAINFOREST_RESIN;SEASHELLS;10000;6
50000;SUBMISSION;;RAINFOREST_RESIN;SEASHELLS;10000;6
50000;;SUBMISSION;RAINFOREST_RESIN;SEASHELLS;10002;2
50100;SUBMISSION;;RAINFOREST_RESIN;SEASHELLS;10000;6
50100;;SUBMISSION;RAINFOREST_RESIN;SEASHELLS;10002;2
50200;SUBMISSION;;RAINFOREST_RESIN;SEASHELLS;10000;6
50200;;SUBMISSION;RAINFOREST_RESIN;SEASHELLS;10002;2
50300;SUBMISSION;;RAINFOREST_RESIN;SEASHELLS;10000;6
50300;;SUBMISSION;RAINFOREST_RESIN;SEASHELLS;10002;2
50400;SUBMISSION;;RAINFOREST_RESIN;SEASHELLS;10000;1
50500;SUBMISSION;;RAINFOREST_RESIN;SEASHELLS;10000;1
50600;SUBMISSION;;RAINFOREST_RESIN;SEASHELLS;10000;1
50600;;SUBMISSION;RAINFOREST_RESIN;SEASHELLS;10002;1
50700;;SUBMISSION;RAINFOREST_RESIN;SEASHELLS;10002;1
50800;;SUBMISSION;RAINFOREST_RESIN;SEASHELLS;10002;5
50800;;SUBMISSION;RAINFOREST_RESIN;SEASHELLS;10002;1
50900;;SUBMISSION;RAINFOREST_RESIN;SEASHELLS;10002;1
51000;;SUBMISSION;RAINFOREST_RESIN;SEASHELLS;10002;1
51100;;SUBMISSION;RAINFOREST_RESIN;SEASHELLS;10002;1
51200;;SUBMISSION;RAINFOREST_RESIN;SEASHELLS;10002;1
51300;;SUBMISSION;RAINFOREST_RESIN;SEASHELLS;10002;1
51400;;SUBMISSION;RAINFOREST_RESIN;SEASHELLS;10002;1
51500;;SUBMISSION;RAINFOREST_RESIN;SEASHELLS;10002;1
51600;;SUBMISSION;RAINFOREST_RESIN;SEASHELLS;10002;1
51700;;SUBMISSION;RAINFOREST_RESIN;SEASHELLS;10002;1
51700;;SUBMISSION;RAINFOREST_RESIN;SEASHELLS;10002;1
51800;SUBMISSION;;RAINFOREST_RESIN;SEASHELLS;10000;11
51900;SUBMISSION;;RAINFOREST_RESIN;SEASHELLS;10000;11
52000;SUBMISSION;;RAINFOREST_RESIN;SEASHELLS;9998;1
52100;SUBMISSION;;RAINFOREST_RESIN;SEASHELLS;9998;1
52200;SUBMISSION;;RAINFOREST_RESIN;SEASHELLS;9998;8
52300;SUBMISSION;;RAINFOREST_RESIN;SEASHELLS;9998;8
52300;;SUBMISSION;RAINFOREST_RESIN;SEASHELLS;10002;1
52400;;SUBMISSION;RAINFOREST_RESIN;SEASHELLS;10000;1
52500;;SUBMISSION;RAINFOREST_RESIN;SEASHELLS;10000;1
52600;;SUBMISSION;RAINFOREST_RESIN;SEASHELLS;10000;1
52700;;SUBMISSION;RAINFOREST_RESIN;SEASHELLS;10000;1
52800;;SUBMISSION;RAINFOREST_RESIN;SEASHELLS;10000;1
52900;;SUBMISSION;RAINFOREST_RESIN;SEASHELLS;10000;1
53000;;SUBMISSION;RAINFOREST_RESIN;SEASHELLS;10002;1
53000;;SUBMISSION;RAINFOREST_RESIN;SEASHELLS;10000;6
53100;;SUBMISSION;RAINFOREST_RESIN;SEASHELLS;10000;6
53200;;SUBMISSION;RAINFOREST_RESIN;SEASHELLS;10002;6
53300;;SUBMISSION;RAINFOREST_RESIN;SEASHELLS;10002;6
53400;;SUBMISSION;RAINFOREST_RESIN;SEASHELLS;10002;6
53500;;SUBMISSION;RAINFOREST_RESIN;SEASHELLS;10002;6
53600;;SUBMISSION;RAINFOREST_RESIN;SEASHELLS;10002;6
53700;;SUBMISSION;RAINFOREST_RESIN;SEASHELLS;10002;6
53800;;SUBMISSION;RAINFOREST_RESIN;SEASHELLS;10002;3
53800;;SUBMISSION;RAINFOREST_RESIN;SEASHELLS;10002;6
53900;;SUBMISSION;RAINFOREST_RESIN;SEASHELLS;10002;4
54200;SUBMISSION;;RAINFOREST_RESIN;SEASHELLS;10000;1
54300;SUBMISSION;;RAINFOREST_RESIN;SEASHELLS;10000;1
54400;;SUBMISSION;RAINFOREST_RESIN;SEASHELLS;10002;2
55800;SUBMISSION;;RAINFOREST_RESIN;SEASHELLS;10000;1
55900;SUBMISSION;;RAINFOREST_RESIN;SEASHELLS;10000;1
56000;SUBMISSION;;RAINFOREST_RESIN;SEASHELLS;10000;1
56100;SUBMISSION;;RAINFOREST_RESIN;SEASHELLS;10000;1
56200;SUBMISSION;;RAINFOREST_RESIN;SEASHELLS;10000;1
56300;SUBMISSION;;RAINFOREST_RESIN;SEASHELLS;10000;1
56300;;SUBMISSION;RAINFOREST_RESIN;SEASHELLS;10002;1
56400;SUBMISSION;;RAINFOREST_RESIN;SEASHELLS;10000;1
56500;SUBMISSION;;RAINFOREST_RESIN;SEASHELLS;10000;1
56600;SUBMISSION;;RAINFOREST_RESIN;SEASHELLS;10000;1
56700;SUBMISSION;;RAINFOREST_RESIN;SEASHELLS;10000;1
56800;SUBMISSION;;RAINFOREST_RESIN;SEASHELLS;10000;1
56800;;SUBMISSION;RAINFOREST_RESIN;SEASHELLS;10002;1
56900;SUBMISSION;;RAINFOREST_RESIN;SEASHELLS;10000;1
57000;SUBMISSION;;RAINFOREST_RESIN;SEASHELLS;10000;1
57100;SUBMISSION;;RAINFOREST_RESIN;SEASHELLS;10000;1
57200;SUBMISSION;;RAINFOREST_RESIN;SEASHELLS;10000;1
57200;;SUBMISSION;RAINFOREST_RESIN;SEASHELLS;10002;2
57300;;SUBMISSION;RAINFOREST_RESIN;SEASHELLS;10002;2
57400;;SUBMISSION;RAINFOREST_RESIN;SEASHELLS;10002;2
57500;;SUBMISSION;RAINFOREST_RESIN;SEASHELLS;10002;2
57600;;SUBMISSION;RAINFOREST_RESIN;SEASHELLS;10002;2
57700;;SUBMISSION;RAINFOREST_RESIN;SEASHELLS;10002;2
57800;SUBMISSION;;RAINFOREST_RESIN;SEASHELLS;10000;1
57900;SUBMISSION;;RAINFOREST_RESIN;SEASHELLS;10000;1
58000;SUBMISSION;;RAINFOREST_RESIN;SEASHELLS;10000;1
58100;SUBMISSION;;RAINFOREST_RESIN;SEASHELLS;10000;4
58200;;SUBMISSION;RAINFOREST_RESIN;SEASHELLS;10002;3
58300;;SUBMISSION;RAINFOREST_RESIN;SEASHELLS;10002;3
58400;;SUBMISSION;RAINFOREST_RESIN;SEASHELLS;10002;2
58900;SUBMISSION;;RAINFOREST_RESIN;SEASHELLS;10000;12
59000;SUBMISSION;;RAINFOREST_RESIN;SEASHELLS;10000;12
59100;SUBMISSION;;RAINFOREST_RESIN;SEASHELLS;10000;12
59200;;SUBMISSION;RAINFOREST_RESIN;SEASHELLS;10002;1
59300;;SUBMISSION;RAINFOREST_RESIN;SEASHELLS;10002;1
59400;;SUBMISSION;RAINFOREST_RESIN;SEASHELLS;10002;1
59500;;SUBMISSION;RAINFOREST_RESIN;SEASHELLS;10002;5
59500;;SUBMISSION;RAINFOREST_RESIN;SEASHELLS;10002;1
59600;;SUBMISSION;RAINFOREST_RESIN;SEASHELLS;10002;1
59700;;SUBMISSION;RAINFOREST_RESIN;SEASHELLS;10002;1
59800;;SUBMISSION;RAINFOREST_RESIN;SEASHELLS;10002;1
59900;;SUBMISSION;RAINFOREST_RESIN;SEASHELLS;10002;1
60000;;SUBMISSION;RAINFOREST_RESIN;SEASHELLS;10002;1
60100;SUBMISSION;;RAINFOREST_RESIN;SEASHELLS;10000;2
60100;;SUBMISSION;RAINFOREST_RESIN;SEASHELLS;10002;1
60200;SUBMISSION;;RAINFOREST_RESIN;SEASHELLS;10000;2
60200;;SUBMISSION;RAINFOREST_RESIN;SEASHELLS;10002;1
60300;SUBMISSION;;RAINFOREST_RESIN;SEASHELLS;10000;8
60400;SUBMISSION;;RAINFOREST_RESIN;SEASHELLS;10000;8
60500;SUBMISSION;;RAINFOREST_RESIN;SEASHELLS;10000;8
60600;SUBMISSION;;RAINFOREST_RESIN;SEASHELLS;10000;8
60700;SUBMISSION;;RAINFOREST_RESIN;SEASHELLS;9998;8
60800;SUBMISSION;;RAINFOREST_RESIN;SEASHELLS;9998;8
60800;;SUBMISSION;RAINFOREST_RESIN;SEASHELLS;10002;10
60900;SUBMISSION;;RAINFOREST_RESIN;SEASHELLS;9998;8
61000;SUBMISSION;;RAINFOREST_RESIN;SEASHELLS;9998;8
61100;SUBMISSION;;RAINFOREST_RESIN;SEASHELLS;9998;8
61200;SUBMISSION;;RAINFOREST_RESIN;SEASHELLS;9998;8
61300;SUBMISSION;;RAINFOREST_RESIN;SEASHELLS;9998;6
62200;;SUBMISSION;RAINFOREST_RESIN;SEASHELLS;10000;4
62300;;SUBMISSION;RAINFOREST_RESIN;SEASHELLS;10000;4
62400;;SUBMISSION;RAINFOREST_RESIN;SEASHELLS;10000;2
62500;;SUBMISSION;RAINFOREST_RESIN;SEASHELLS;10000;2
62600;;SUBMISSION;RAINFOREST_RESIN;SEASHELLS;10000;2
62700;;SUBMISSION;RAINFOREST_RESIN;SEASHELLS;10000;2
62800;;SUBMISSION;RAINFOREST_RESIN;SEASHELLS;10000;2
62900;;SUBMISSION;RAINFOREST_RESIN;SEASHELLS;10000;2
63000;SUBMISSION;;RAINFOREST_RESIN;SEASHELLS;9998;4
63100;SUBMISSION;;RAINFOREST_RESIN;SEASHELLS;9998;4
63200;SUBMISSION;;RAINFOREST_RESIN;SEASHELLS;9998;4
63300;SUBMISSION;;RAINFOREST_RESIN;SEASHELLS;9998;4
63400;SUBMISSION;;RAINFOREST_RESIN;SEASHELLS;9998;4
65400;;SUBMISSION;RAINFOREST_RESIN;SEASHELLS;10000;2
65500;;SUBMISSION;RAINFOREST_RESIN;SEASHELLS;10000;2
65600;;SUBMISSION;RAINFOREST_RESIN;SEASHELLS;10000;2
65700;;SUBMISSION;RAINFOREST_RESIN;SEASHELLS;10000;2
65800;;SUBMISSION;RAINFOREST_RESIN;SEASHELLS;10000;2
65900;;SUBMISSION;RAINFOREST_RESIN;SEASHELLS;10000;2
66000;SUBMISSION;;RAINFOREST_RESIN;SEASHELLS;9998;1
66100;SUBMISSION;;RAINFOREST_RESIN;SEASHELLS;9998;1
66200;SUBMISSION;;RAINFOREST_RESIN;SEASHELLS;9998;1
66200;;SUBMISSION;RAINFOREST_RESIN;SEASHELLS;10002;1
66200;;SUBMISSION;RAINFOREST_RESIN;SEASHELLS;10000;5
66300;SUBMISSION;;RAINFOREST_RESIN;SEASHELLS;9998;1
66400;SUBMISSION;;RAINFOREST_RESIN;SEASHELLS;9998;1
66500;SUBMISSION;;RAINFOREST_RESIN;SEASHELLS;9998;1
66600;SUBMISSION;;RAINFOREST_RESIN;SEASHELLS;9998;1
66700;SUBMISSION;;RAINFOREST_RESIN;SEASHELLS;9998;1
66800;SUBMISSION;;RAINFOREST_RESIN;SEASHELLS;9998;1
66900;SUBMISSION;;RAINFOREST_RESIN;SEASHELLS;9998;1
67000;SUBMISSION;;RAINFOREST_RESIN;SEASHELLS;9998;1
67100;SUBMISSION;;RAINFOREST_RESIN;SEASHELLS;9998;1
67200;SUBMISSION;;RAINFOREST_RESIN;SEASHELLS;9998;1
67300;SUBMISSION;;RAINFOREST_RESIN;SEASHELLS;9998;5
69400;;SUBMISSION;RAINFOREST_RESIN;SEASHELLS;10002;1
69500;SUBMISSION;;RAINFOREST_RESIN;SEASHELLS;9998;1
69700;;SUBMISSION;RAINFOREST_RESIN;SEASHELLS;10002;1
69800;;SUBMISSION;RAINFOREST_RESIN;SEASHELLS;10000;1
69900;;SUBMISSION;RAINFOREST_RESIN;SEASHELLS;10000;1
70000;;SUBMISSION;RAINFOREST_RESIN;SEASHELLS;10000;1
70100;;SUBMISSION;RAINFOREST_RESIN;SEASHELLS;10000;1
70200;;SUBMISSION;RAINFOREST_RESIN;SEASHELLS;10000;1
70300;SUBMISSION;;RAINFOREST_RESIN;SEASHELLS;9998;2
70400;SUBMISSION;;RAINFOREST_RESIN;SEASHELLS;9998;2
70500;SUBMISSION;;RAINFOREST_RESIN;SEASHELLS;9998;2
70800;;SUBMISSION;RAINFOREST_RESIN;SEASHELLS;10002;1
70900;SUBMISSION;;RAINFOREST_RESIN;SEASHELLS;9998;1
71200;;SUBMISSION;RAINFOREST_RESIN;SEASHELLS;10002;1
71300;;SUBMISSION;RAINFOREST_RESIN;SEASHELLS;10000;1
71400;;SUBMISSION;RAINFOREST_RESIN;SEASHELLS;10000;1
71500;;SUBMISSION;RAINFOREST_RESIN;SEASHELLS;10002;1
71500;;SUBMISSION;RAINFOREST_RESIN;SEASHELLS;10000;3
71600;;SUBMISSION;RAINFOREST_RESIN;SEASHELLS;10000;3
71700;;SUBMISSION;RAINFOREST_RESIN;SEASHELLS;10000;3
71800;;SUBMISSION;RAINFOREST_RESIN;SEASHELLS;10002;1
71800;;SUBMISSION;RAINFOREST_RESIN;SEASHELLS;10000;3
71900;;SUBMISSION;RAINFOREST_RESIN;SEASHELLS;10002;1
71900;;SUBMISSION;RAINFOREST_RESIN;SEASHELLS;10000;3
72000;;SUBMISSION;RAINFOREST_RESIN;SEASHELLS;10000;1
72100;;SUBMISSION;RAINFOREST_RESIN;SEASHELLS;10000;1
72200;;SUBMISSION;RAINFOREST_RESIN;SEASHELLS;10000;1
72300;;SUBMISSION;RAINFOREST_RESIN;SEASHELLS;10000;1
72400;;SUBMISSION;RAINFOREST_RESIN;SEASHELLS;10002;1
72400;;SUBMISSION;RAINFOREST_RESIN;SEASHELLS;10000;1
72500;;SUBMISSION;RAINFOREST_RESIN;SEASHELLS;10000;1
72600;;SUBMISSION;RAINFOREST_RESIN;SEASHELLS;10000;1
72700;;SUBMISSION;RAINFOREST_RESIN;SEASHELLS;10000;1
72800;;SUBMISSION;RAINFOREST_RESIN;SEASHELLS;10000;1
72900;;SUBMISSION;RAINFOREST_RESIN;SEASHELLS;10000;1
73000;;SUBMISSION;RAINFOREST_RESIN;SEASHELLS;10000;1
73100;;SUBMISSION;RAINFOREST_RESIN;SEASHELLS;10000;1
73200;;SUBMISSION;RAINFOREST_RESIN;SEASHELLS;10000;1
73300;;SUBMISSION;RAINFOREST_RESIN;SEASHELLS;10000;1
73400;;SUBMISSION;RAINFOREST_RESIN;SEASHELLS;10000;1
73500;;SUBMISSION;RAINFOREST_RESIN;SEASHELLS;10000;1
73600;;SUBMISSION;RAINFOREST_RESIN;SEASHELLS;10000;1
73700;;SUBMISSION;RAINFOREST_RESIN;SEASHELLS;10000;1
73800;;SUBMISSION;RAINFOREST_RESIN;SEASHELLS;10000;1
73900;;SUBMISSION;RAINFOREST_RESIN;SEASHELLS;10000;1
74000;;SUBMISSION;RAINFOREST_RESIN;SEASHELLS;10002;1
74000;;SUBMISSION;RAINFOREST_RESIN;SEASHELLS;10000;1
74100;;SUBMISSION;RAINFOREST_RESIN;SEASHELLS;10000;6
74100;;SUBMISSION;RAINFOREST_RESIN;SEASHELLS;10000;1
74200;;SUBMISSION;RAINFOREST_RESIN;SEASHELLS;10002;1
74300;;SUBMISSION;RAINFOREST_RESIN;SEASHELLS;10002;1
74400;;SUBMISSION;RAINFOREST_RESIN;SEASHELLS;10002;1
74500;;SUBMISSION;RAINFOREST_RESIN;SEASHELLS;10002;1
74600;;SUBMISSION;RAINFOREST_RESIN;SEASHELLS;10002;1
74600;;SUBMISSION;RAINFOREST_RESIN;SEASHELLS;10002;1
74700;;SUBMISSION;RAINFOREST_RESIN;SEASHELLS;10002;1
74800;;SUBMISSION;RAINFOREST_RESIN;SEASHELLS;10002;1
74900;;SUBMISSION;RAINFOREST_RESIN;SEASHELLS;10002;1
74900;;SUBMISSION;RAINFOREST_RESIN;SEASHELLS;10002;1
75000;;SUBMISSION;RAINFOREST_RESIN;SEASHELLS;10002;1
75100;SUBMISSION;;RAINFOREST_RESIN;SEASHELLS;10000;9
75100;SUBMISSION;;RAINFOREST_RESIN;SEASHELLS;10000;1
75200;SUBMISSION;;RAINFOREST_RESIN;SEASHELLS;10000;9
75200;SUBMISSION;;RAINFOREST_RESIN;SEASHELLS;10000;1
75300;SUBMISSION;;RAINFOREST_RESIN;SEASHELLS;9998;9
75300;SUBMISSION;;RAINFOREST_RESIN;SEASHELLS;9998;1
75400;SUBMISSION;;RAINFOREST_RESIN;SEASHELLS;9998;9
75400;SUBMISSION;;RAINFOREST_RESIN;SEASHELLS;9998;1
75500;SUBMISSION;;RAINFOREST_RESIN;SEASHELLS;9998;9
75500;SUBMISSION;;RAINFOREST_RESIN;SEASHELLS;9998;1
75600;SUBMISSION;;RAINFOREST_RESIN;SEASHELLS;9998;2
75600;;SUBMISSION;RAINFOREST_RESIN;SEASHELLS;10002;1
75700;;SUBMISSION;RAINFOREST_RESIN;SEASHELLS;10000;1
75800;;SUBMISSION;RAINFOREST_RESIN;SEASHELLS;10000;1
75900;;SUBMISSION;RAINFOREST_RESIN;SEASHELLS;10000;1
76000;;SUBMISSION;RAINFOREST_RESIN;SEASHELLS;10000;1
76100;;SUBMISSION;RAINFOREST_RESIN;SEASHELLS;10000;1
76200;SUBMISSION;;RAINFOREST_RESIN;SEASHELLS;9998;1
76300;SUBMISSION;;RAINFOREST_RESIN;SEASHELLS;9998;1
76400;SUBMISSION;;RAINFOREST_RESIN;SEASHELLS;9998;1
76500;SUBMISSION;;RAINFOREST_RESIN;SEASHELLS;9998;1
76600;SUBMISSION;;RAINFOREST_RESIN;SEASHELLS;9998;1
76700;SUBMISSION;;RAINFOREST_RESIN;SEASHELLS;9998;1
76800;SUBMISSION;;RAINFOREST_RESIN;SEASHELLS;9998;1
76900;SUBMISSION;;RAINFOREST_RESIN;SEASHELLS;9998;1
77000;SUBMISSION;;RAINFOREST_RESIN;SEASHELLS;9998;1
77100;;SUBMISSION;RAINFOREST_RESIN;SEASHELLS;10000;3
77100;;SUBMISSION;RAINFOREST_RESIN;SEASHELLS;10000;2
77200;;SUBMISSION;RAINFOREST_RESIN;SEASHELLS;10000;2
77300;;SUBMISSION;RAINFOREST_RESIN;SEASHELLS;10000;2
77400;;SUBMISSION;RAINFOREST_RESIN;SEASHELLS;10000;2
77500;;SUBMISSION;RAINFOREST_RESIN;SEASHELLS;10000;2
77600;;SUBMISSION;RAINFOREST_RESIN;SEASHELLS;10000;2
77700;;SUBMISSION;RAINFOREST_RESIN;SEASHELLS;10000;2
77800;;SUBMISSION;RAINFOREST_RESIN;SEASHELLS;10000;2
77900;;SUBMISSION;RAINFOREST_RESIN;SEASHELLS;10002;3
77900;;SUBMISSION;RAINFOREST_RESIN;SEASHELLS;10000;2
78000;;SUBMISSION;RAINFOREST_RESIN;SEASHELLS;10000;3
78100;;SUBMISSION;RAINFOREST_RESIN;SEASHELLS;10002;1
78100;;SUBMISSION;RAINFOREST_RESIN;SEASHELLS;10000;3
78200;;SUBMISSION;RAINFOREST_RESIN;SEASHELLS;10000;1
78300;;SUBMISSION;RAINFOREST_RESIN;SEASHELLS;10000;1
78400;;SUBMISSION;RAINFOREST_RESIN;SEASHELLS;10000;1
78500;;SUBMISSION;RAINFOREST_RESIN;SEASHELLS;10000;1
78600;;SUBMISSION;RAINFOREST_RESIN;SEASHELLS;10000;1
78600;;SUBMISSION;RAINFOREST_RESIN;SEASHELLS;10000;10
78700;;SUBMISSION;RAINFOREST_RESIN;SEASHELLS;10002;1
78700;;SUBMISSION;RAINFOREST_RESIN;SEASHELLS;10002;10
78800;;SUBMISSION;RAINFOREST_RESIN;SEASHELLS;10002;1
78800;;SUBMISSION;RAINFOREST_RESIN;SEASHELLS;10002;1
78800;;SUBMISSION;RAINFOREST_RESIN;SEASHELLS;10002;10
78900;;SUBMISSION;RAINFOREST_RESIN;SEASHELLS;10002;1
78900;;SUBMISSION;RAINFOREST_RESIN;SEASHELLS;10002;1
79000;;SUBMISSION;RAINFOREST_RESIN;SEASHELLS;10002;1
79100;;SUBMISSION;RAINFOREST_RESIN;SEASHELLS;10002;1
79200;;SUBMISSION;RAINFOREST_RESIN;SEASHELLS;10002;1
79300;SUBMISSION;;RAINFOREST_RESIN;SEASHELLS;10000;3
79400;SUBMISSION;;RAINFOREST_RESIN;SEASHELLS;10000;3
79500;SUBMISSION;;RAINFOREST_RESIN;SEASHELLS;10000;3
79600;SUBMISSION;;RAINFOREST_RESIN;SEASHELLS;10000;3
79700;SUBMISSION;;RAINFOREST_RESIN;SEASHELLS;10000;3
79800;SUBMISSION;;RAINFOREST_RESIN;SEASHELLS;10000;3
79800;;SUBMISSION;RAINFOREST_RESIN;SEASHELLS;10002;1
79900;SUBMISSION;;RAINFOREST_RESIN;SEASHELLS;10000;3
80000;SUBMISSION;;RAINFOREST_RESIN;SEASHELLS;10000;3
80100;SUBMISSION;;RAINFOREST_RESIN;SEASHELLS;10000;3
80200;SUBMISSION;;RAINFOREST_RESIN;SEASHELLS;10000;3
80300;SUBMISSION;;RAINFOREST_RESIN;SEASHELLS;10000;3
80400;SUBMISSION;;RAINFOREST_RESIN;SEASHELLS;9998;3
80500;SUBMISSION;;RAINFOREST_RESIN;SEASHELLS;9998;3
80600;SUBMISSION;;RAINFOREST_RESIN;SEASHELLS;9998;3
80700;SUBMISSION;;RAINFOREST_RESIN;SEASHELLS;9998;3
80800;SUBMISSION;;RAINFOREST_RESIN;SEASHELLS;9998;3
80900;SUBMISSION;;RAINFOREST_RESIN;SEASHELLS;9998;3
81000;SUBMISSION;;RAINFOREST_RESIN;SEASHELLS;9998;3
81100;SUBMISSION;;RAINFOREST_RESIN;SEASHELLS;9998;3
81200;SUBMISSION;;RAINFOREST_RESIN;SEASHELLS;9998;3
81300;SUBMISSION;;RAINFOREST_RESIN;SEASHELLS;9998;3
81400;SUBMISSION;;RAINFOREST_RESIN;SEASHELLS;9998;3
81500;;SUBMISSION;RAINFOREST_RESIN;SEASHELLS;10000;1
81600;;SUBMISSION;RAINFOREST_RESIN;SEASHELLS;10000;1
81700;;SUBMISSION;RAINFOREST_RESIN;SEASHELLS;10000;1
81800;;SUBMISSION;RAINFOREST_RESIN;SEASHELLS;10002;1
81800;;SUBMISSION;RAINFOREST_RESIN;SEASHELLS;10000;1
81900;;SUBMISSION;RAINFOREST_RESIN;SEASHELLS;10000;1
82000;SUBMISSION;;RAINFOREST_RESIN;SEASHELLS;9998;1
82100;SUBMISSION;;RAINFOREST_RESIN;SEASHELLS;9998;1
82200;SUBMISSION;;RAINFOREST_RESIN;SEASHELLS;9998;1
82200;;SUBMISSION;RAINFOREST_RESIN;SEASHELLS;10002;1
82300;SUBMISSION;;RAINFOREST_RESIN;SEASHELLS;9998;1
82400;SUBMISSION;;RAINFOREST_RESIN;SEASHELLS;9998;1
82500;SUBMISSION;;RAINFOREST_RESIN;SEASHELLS;9998;1
82600;SUBMISSION;;RAINFOREST_RESIN;SEASHELLS;9998;1
82700;SUBMISSION;;RAINFOREST_RESIN;SEASHELLS;9998;1
82800;SUBMISSION;;RAINFOREST_RESIN;SEASHELLS;9998;1
82900;;SUBMISSION;RAINFOREST_RESIN;SEASHELLS;10000;1
83000;;SUBMISSION;RAINFOREST_RESIN;SEASHELLS;10000;1
83100;;SUBMISSION;RAINFOREST_RESIN;SEASHELLS;10000;1
83200;SUBMISSION;;RAINFOREST_RESIN;SEASHELLS;9998;1
83300;SUBMISSION;;RAINFOREST_RESIN;SEASHELLS;9998;1
83400;SUBMISSION;;RAINFOREST_RESIN;SEASHELLS;9998;1
83500;SUBMISSION;;RAINFOREST_RESIN;SEASHELLS;9998;1
83600;SUBMISSION;;RAINFOREST_RESIN;SEASHELLS;9998;1
83700;SUBMISSION;;RAINFOREST_RESIN;SEASHELLS;9998;1
83800;SUBMISSION;;RAINFOREST_RESIN;SEASHELLS;9998;1
83900;SUBMISSION;;RAINFOREST_RESIN;SEASHELLS;9998;1
84000;SUBMISSION;;RAINFOREST_RESIN;SEASHELLS;9998;1
84100;SUBMISSION;;RAINFOREST_RESIN;SEASHELLS;9998;1
84200;SUBMISSION;;RAINFOREST_RESIN;SEASHELLS;9998;1
84200;SUBMISSION;;RAINFOREST_RESIN;SEASHELLS;9998;6
84400;;SUBMISSION;RAINFOREST_RESIN;SEASHELLS;10000;2
84500;;SUBMISSION;RAINFOREST_RESIN;SEASHELLS;10000;2
84600;;SUBMISSION;RAINFOREST_RESIN;SEASHELLS;10000;2
84700;;SUBMISSION;RAINFOREST_RESIN;SEASHELLS;10000;2
84800;;SUBMISSION;RAINFOREST_RESIN;SEASHELLS;10000;2
84900;;SUBMISSION;RAINFOREST_RESIN;SEASHELLS;10000;2
85000;;SUBMISSION;RAINFOREST_RESIN;SEASHELLS;10000;2
85100;;SUBMISSION;RAINFOREST_RESIN;SEASHELLS;10000;2
85200;;SUBMISSION;RAINFOREST_RESIN;SEASHELLS;10000;2
85300;;SUBMISSION;RAINFOREST_RESIN;SEASHELLS;10000;2
85400;;SUBMISSION;RAINFOREST_RESIN;SEASHELLS;10000;2
85500;;SUBMISSION;RAINFOREST_RESIN;SEASHELLS;10000;2
85600;;SUBMISSION;RAINFOREST_RESIN;SEASHELLS;10000;2
85700;;SUBMISSION;RAINFOREST_RESIN;SEASHELLS;10002;3
85700;;SUBMISSION;RAINFOREST_RESIN;SEASHELLS;10000;2
85800;;SUBMISSION;RAINFOREST_RESIN;SEASHELLS;10000;2
85900;;SUBMISSION;RAINFOREST_RESIN;SEASHELLS;10000;2
86000;SUBMISSION;;RAINFOREST_RESIN;SEASHELLS;9998;1
86000;;SUBMISSION;RAINFOREST_RESIN;SEASHELLS;10000;5
86100;SUBMISSION;;RAINFOREST_RESIN;SEASHELLS;9998;1
86100;;SUBMISSION;RAINFOREST_RESIN;SEASHELLS;10002;1
86200;;SUBMISSION;RAINFOREST_RESIN;SEASHELLS;10000;1
86300;;SUBMISSION;RAINFOREST_RESIN;SEASHELLS;10000;1
86400;;SUBMISSION;RAINFOREST_RESIN;SEASHELLS;10000;1
86500;;SUBMISSION;RAINFOREST_RESIN;SEASHELLS;10000;1
86600;;SUBMISSION;RAINFOREST_RESIN;SEASHELLS;10000;1
86700;SUBMISSION;;RAINFOREST_RESIN;SEASHELLS;9998;1
86700;;SUBMISSION;RAINFOREST_RESIN;SEASHELLS;10000;1
86800;SUBMISSION;;RAINFOREST_RESIN;SEASHELLS;9998;1
86800;;SUBMISSION;RAINFOREST_RESIN;SEASHELLS;10002;5
86900;SUBMISSION;;RAINFOREST_RESIN;SEASHELLS;9998;1
87000;SUBMISSION;;RAINFOREST_RESIN;SEASHELLS;9998;1
87100;SUBMISSION;;RAINFOREST_RESIN;SEASHELLS;9998;1
87200;SUBMISSION;;RAINFOREST_RESIN;SEASHELLS;9998;1
87300;SUBMISSION;;RAINFOREST_RESIN;SEASHELLS;9998;1
87400;SUBMISSION;;RAINFOREST_RESIN;SEASHELLS;9998;1
87500;SUBMISSION;;RAINFOREST_RESIN;SEASHELLS;9998;1
87600;SUBMISSION;;RAINFOREST_RESIN;SEASHELLS;9998;1
87700;SUBMISSION;;RAINFOREST_RESIN;SEASHELLS;9998;1
87800;SUBMISSION;;RAINFOREST_RESIN;SEASHELLS;9998;1
87900;SUBMISSION;;RAINFOREST_RESIN;SEASHELLS;9998;1
88000;;SUBMISSION;RAINFOREST_RESIN;SEASHELLS;10000;1
88100;SUBMISSION;;RAINFOREST_RESIN;SEASHELLS;9998;2
88200;SUBMISSION;;RAINFOREST_RESIN;SEASHELLS;9998;2
88200;;SUBMISSION;RAINFOREST_RESIN;SEASHELLS;10002;5
88300;SUBMISSION;;RAINFOREST_RESIN;SEASHELLS;9998;2
88400;SUBMISSION;;RAINFOREST_RESIN;SEASHELLS;9998;2
88500;SUBMISSION;;RAINFOREST_RESIN;SEASHELLS;9998;2
88500;;SUBMISSION;RAINFOREST_RESIN;SEASHELLS;10002;9
88600;SUBMISSION;;RAINFOREST_RESIN;SEASHELLS;9998;2
88700;SUBMISSION;;RAINFOREST_RESIN;SEASHELLS;9998;2
88800;SUBMISSION;;RAINFOREST_RESIN;SEASHELLS;9998;2
88900;SUBMISSION;;RAINFOREST_RESIN;SEASHELLS;9998;2
89000;SUBMISSION;;RAINFOREST_RESIN;SEASHELLS;9998;2
89100;SUBMISSION;;RAINFOREST_RESIN;SEASHELLS;9998;2
89200;;SUBMISSION;RAINFOREST_RESIN;SEASHELLS;10000;1
89300;;SUBMISSION;RAINFOREST_RESIN;SEASHELLS;10000;1
89400;;SUBMISSION;RAINFOREST_RESIN;SEASHELLS;10000;1
89500;;SUBMISSION;RAINFOREST_RESIN;SEASHELLS;10000;1
89600;;SUBMISSION;RAINFOREST_RESIN;SEASHELLS;10000;1
89700;SUBMISSION;;RAINFOREST_RESIN;SEASHELLS;9998;1
89800;SUBMISSION;;RAINFOREST_RESIN;SEASHELLS;9998;1
89900;SUBMISSION;;RAINFOREST_RESIN;SEASHELLS;9998;1
90000;SUBMISSION;;RAINFOREST_RESIN;SEASHELLS;9998;1
90000;SUBMISSION;;RAINFOREST_RESIN;SEASHELLS;9998;1
90100;;SUBMISSION;RAINFOREST_RESIN;SEASHELLS;10000;3
90200;;SUBMISSION;RAINFOREST_RESIN;SEASHELLS;10000;3
90300;SUBMISSION;;RAINFOREST_RESIN;SEASHELLS;9998;1
90400;SUBMISSION;;RAINFOREST_RESIN;SEASHELLS;9998;1
90500;SUBMISSION;;RAINFOREST_RESIN;SEASHELLS;9998;1
90600;SUBMISSION;;RAINFOREST_RESIN;SEASHELLS;9998;1
90700;SUBMISSION;;RAINFOREST_RESIN;SEASHELLS;9998;1
90700;;SUBMISSION;RAINFOREST_RESIN;SEASHELLS;10002;1
90800;SUBMISSION;;RAINFOREST_RESIN;SEASHELLS;9998;1
90900;SUBMISSION;;RAINFOREST_RESIN;SEASHELLS;9998;1
91000;SUBMISSION;;RAINFOREST_RESIN;SEASHELLS;9998;1
91100;SUBMISSION;;RAINFOREST_RESIN;SEASHELLS;9998;1
91200;SUBMISSION;;RAINFOREST_RESIN;SEASHELLS;9998;1
91300;SUBMISSION;;RAINFOREST_RESIN;SEASHELLS;9998;1
91400;SUBMISSION;;RAINFOREST_RESIN;SEASHELLS;9998;1
91500;SUBMISSION;;RAINFOREST_RESIN;SEASHELLS;9998;1
91600;SUBMISSION;;RAINFOREST_RESIN;SEASHELLS;9998;1
91600;;SUBMISSION;RAINFOREST_RESIN;SEASHELLS;10000;2
91700;SUBMISSION;;RAINFOREST_RESIN;SEASHELLS;9998;1
91800;SUBMISSION;;RAINFOREST_RESIN;SEASHELLS;9998;1
91900;SUBMISSION;;RAINFOREST_RESIN;SEASHELLS;9998;1
91900;;SUBMISSION;RAINFOREST_RESIN;SEASHELLS;10000;3
92000;SUBMISSION;;RAINFOREST_RESIN;SEASHELLS;9998;1
92100;SUBMISSION;;RAINFOREST_RESIN;SEASHELLS;9998;1
92200;SUBMISSION;;RAINFOREST_RESIN;SEASHELLS;9998;1
92300;SUBMISSION;;RAINFOREST_RESIN;SEASHELLS;9998;1
92300;SUBMISSION;;RAINFOREST_RESIN;SEASHELLS;9998;1
92400;SUBMISSION;;RAINFOREST_RESIN;SEASHELLS;9998;1
92400;SUBMISSION;;RAINFOREST_RESIN;SEASHELLS;9998;1
92500;SUBMISSION;;RAINFOREST_RESIN;SEASHELLS;9998;1
92500;SUBMISSION;;RAINFOREST_RESIN;SEASHELLS;9998;1
92600;SUBMISSION;;RAINFOREST_RESIN;SEASHELLS;9998;1
92600;SUBMISSION;;RAINFOREST_RESIN;SEASHELLS;9998;1
92700;;SUBMISSION;RAINFOREST_RESIN;SEASHELLS;10002;1
92700;;SUBMISSION;RAINFOREST_RESIN;SEASHELLS;10000;2
92800;;SUBMISSION;RAINFOREST_RESIN;SEASHELLS;10000;2
92800;;SUBMISSION;RAINFOREST_RESIN;SEASHELLS;10000;1
92900;;SUBMISSION;RAINFOREST_RESIN;SEASHELLS;10000;2
92900;;SUBMISSION;RAINFOREST_RESIN;SEASHELLS;10000;1
93000;SUBMISSION;;RAINFOREST_RESIN;SEASHELLS;9998;1
93100;SUBMISSION;;RAINFOREST_RESIN;SEASHELLS;9998;1
93200;SUBMISSION;;RAINFOREST_RESIN;SEASHELLS;9998;1
93300;SUBMISSION;;RAINFOREST_RESIN;SEASHELLS;9998;1
93400;SUBMISSION;;RAINFOREST_RESIN;SEASHELLS;9998;1
93500;SUBMISSION;;RAINFOREST_RESIN;SEASHELLS;9998;3
93500;;SUBMISSION;RAINFOREST_RESIN;SEASHELLS;10000;2
93600;SUBMISSION;;RAINFOREST_RESIN;SEASHELLS;9998;3
93700;;SUBMISSION;RAINFOREST_RESIN;SEASHELLS;10002;1
93700;;SUBMISSION;RAINFOREST_RESIN;SEASHELLS;10000;1
93800;;SUBMISSION;RAINFOREST_RESIN;SEASHELLS;10000;1
93900;SUBMISSION;;RAINFOREST_RESIN;SEASHELLS;9998;1
94000;SUBMISSION;;RAINFOREST_RESIN;SEASHELLS;9998;1
94000;;SUBMISSION;RAINFOREST_RESIN;SEASHELLS;10002;4
94100;SUBMISSION;;RAINFOREST_RESIN;SEASHELLS;9998;1
94200;;SUBMISSION;RAINFOREST_RESIN;SEASHELLS;10000;1
94300;;SUBMISSION;RAINFOREST_RESIN;SEASHELLS;10002;1
94300;;SUBMISSION;RAINFOREST_RESIN;SEASHELLS;10000;1
94400;;SUBMISSION;RAINFOREST_RESIN;SEASHELLS;10000;1
94500;;SUBMISSION;RAINFOREST_RESIN;SEASHELLS;10000;1
94600;SUBMISSION;;RAINFOREST_RESIN;SEASHELLS;9998;1
94700;SUBMISSION;;RAINFOREST_RESIN;SEASHELLS;9998;1
94700;;SUBMISSION;RAINFOREST_RESIN;SEASHELLS;10002;1
94800;SUBMISSION;;RAINFOREST_RESIN;SEASHELLS;9998;1
94900;SUBMISSION;;RAINFOREST_RESIN;SEASHELLS;9998;1
95000;SUBMISSION;;RAINFOREST_RESIN;SEASHELLS;9998;1
95100;;SUBMISSION;RAINFOREST_RESIN;SEASHELLS;10000;1
95100;;SUBMISSION;RAINFOREST_RESIN;SEASHELLS;10000;1
95200;;SUBMISSION;RAINFOREST_RESIN;SEASHELLS;10000;1
95200;;SUBMISSION;RAINFOREST_RESIN;SEASHELLS;10000;1
95300;;SUBMISSION;RAINFOREST_RESIN;SEASHELLS;10000;1
95300;;SUBMISSION;RAINFOREST_RESIN;SEASHELLS;10000;1
95400;;SUBMISSION;RAINFOREST_RESIN;SEASHELLS;10000;1
95400;;SUBMISSION;RAINFOREST_RESIN;SEASHELLS;10000;1
95500;;SUBMISSION;RAINFOREST_RESIN;SEASHELLS;10000;1
95500;;SUBMISSION;RAINFOREST_RESIN;SEASHELLS;10000;1
95600;;SUBMISSION;RAINFOREST_RESIN;SEASHELLS;10000;1
95600;;SUBMISSION;RAINFOREST_RESIN;SEASHELLS;10000;1
95700;;SUBMISSION;RAINFOREST_RESIN;SEASHELLS;10002;1
95700;;SUBMISSION;RAINFOREST_RESIN;SEASHELLS;10000;1
95700;;SUBMISSION;RAINFOREST_RESIN;SEASHELLS;10000;1
95800;;SUBMISSION;RAINFOREST_RESIN;SEASHELLS;10000;1
95900;;SUBMISSION;RAINFOREST_RESIN;SEASHELLS;10000;7
96000;;SUBMISSION;RAINFOREST_RESIN;SEASHELLS;10000;7
96100;SUBMISSION;;RAINFOREST_RESIN;SEASHELLS;9998;1
96200;SUBMISSION;;RAINFOREST_RESIN;SEASHELLS;9998;1
96300;SUBMISSION;;RAINFOREST_RESIN;SEASHELLS;9998;5
96400;SUBMISSION;;RAINFOREST_RESIN;SEASHELLS;9998;5
96500;SUBMISSION;;RAINFOREST_RESIN;SEASHELLS;9998;5
96600;SUBMISSION;;RAINFOREST_RESIN;SEASHELLS;9998;5
96700;SUBMISSION;;RAINFOREST_RESIN;SEASHELLS;9998;5
96800;SUBMISSION;;RAINFOREST_RESIN;SEASHELLS;9998;5
96800;;SUBMISSION;RAINFOREST_RESIN;SEASHELLS;10002;3
96900;;SUBMISSION;RAINFOREST_RESIN;SEASHELLS;10000;3
97000;;SUBMISSION;RAINFOREST_RESIN;SEASHELLS;10000;3
97100;;SUBMISSION;RAINFOREST_RESIN;SEASHELLS;10000;3
97200;SUBMISSION;;RAINFOREST_RESIN;SEASHELLS;9998;1
97300;SUBMISSION;;RAINFOREST_RESIN;SEASHELLS;9998;1
97400;SUBMISSION;;RAINFOREST_RESIN;SEASHELLS;9998;1
97500;SUBMISSION;;RAINFOREST_RESIN;SEASHELLS;9998;1
97600;SUBMISSION;;RAINFOREST_RESIN;SEASHELLS;9998;1
97700;;SUBMISSION;RAINFOREST_RESIN;SEASHELLS;10000;7
97800;;SUBMISSION;RAINFOREST_RESIN;SEASHELLS;10000;7
97900;;SUBMISSION;RAINFOREST_RESIN;SEASHELLS;10000;7
98000;;SUBMISSION;RAINFOREST_RESIN;SEASHELLS;10000;7
98100;;SUBMISSION;RAINFOREST_RESIN;SEASHELLS;10002;7
98200;;SUBMISSION;RAINFOREST_RESIN;SEASHELLS;10002;7
98300;;SUBMISSION;RAINFOREST_RESIN;SEASHELLS;10002;7
98400;;SUBMISSION;RAINFOREST_RESIN;SEASHELLS;10002;7
98500;;SUBMISSION;RAINFOREST_RESIN;SEASHELLS;10002;7
98600;;SUBMISSION;RAINFOREST_RESIN;SEASHELLS;10002;7
98700;;SUBMISSION;RAINFOREST_RESIN;SEASHELLS;10002;6
100200;SUBMISSION;;RAINFOREST_RESIN;SEASHELLS;10000;1
100300;SUBMISSION;;RAINFOREST_RESIN;SEASHELLS;10000;1
100400;SUBMISSION;;RAINFOREST_RESIN;SEASHELLS;10000;1
100500;SUBMISSION;;RAINFOREST_RESIN;SEASHELLS;10000;1
100600;SUBMISSION;;RAINFOREST_RESIN;SEASHELLS;10000;8
100700;SUBMISSION;;RAINFOREST_RESIN;SEASHELLS;10000;8
100700;;SUBMISSION;RAINFOREST_RESIN;SEASHELLS;10002;1
100800;;SUBMISSION;RAINFOREST_RESIN;SEASHELLS;10002;1
100900;;SUBMISSION;RAINFOREST_RESIN;SEASHELLS;10002;1
101000;;SUBMISSION;RAINFOREST_RESIN;SEASHELLS;10002;1
101100;;SUBMISSION;RAINFOREST_RESIN;SEASHELLS;10002;1
101200;;SUBMISSION;RAINFOREST_RESIN;SEASHELLS;10002;1
101300;;SUBMISSION;RAINFOREST_RESIN;SEASHELLS;10002;2
101400;;SUBMISSION;RAINFOREST_RESIN;SEASHELLS;10002;2
101500;SUBMISSION;;RAINFOREST_RESIN;SEASHELLS;10000;3
101600;SUBMISSION;;RAINFOREST_RESIN;SEASHELLS;10000;3
101600;;SUBMISSION;RAINFOREST_RESIN;SEASHELLS;10002;2
101700;SUBMISSION;;RAINFOREST_RESIN;SEASHELLS;10000;3
101700;;SUBMISSION;RAINFOREST_RESIN;SEASHELLS;10002;2
101800;SUBMISSION;;RAINFOREST_RESIN;SEASHELLS;10000;3
101800;;SUBMISSION;RAINFOREST_RESIN;SEASHELLS;10002;2
101900;SUBMISSION;;RAINFOREST_RESIN;SEASHELLS;10000;3
101900;;SUBMISSION;RAINFOREST_RESIN;SEASHELLS;10002;2
102000;SUBMISSION;;RAINFOREST_RESIN;SEASHELLS;10000;3
102000;;SUBMISSION;RAINFOREST_RESIN;SEASHELLS;10002;1
102000;;SUBMISSION;RAINFOREST_RESIN;SEASHELLS;10002;2
102100;SUBMISSION;;RAINFOREST_RESIN;SEASHELLS;10000;3
102100;;SUBMISSION;RAINFOREST_RESIN;SEASHELLS;10002;2
102200;SUBMISSION;;RAINFOREST_RESIN;SEASHELLS;10000;3
102200;;SUBMISSION;RAINFOREST_RESIN;SEASHELLS;10002;2
102300;SUBMISSION;;RAINFOREST_RESIN;SEASHELLS;10000;4
102400;SUBMISSION;;RAINFOREST_RESIN;SEASHELLS;10000;4
102500;SUBMISSION;;RAINFOREST_RESIN;SEASHELLS;10000;4
102600;SUBMISSION;;RAINFOREST_RESIN;SEASHELLS;10000;2
102600;SUBMISSION;;RAINFOREST_RESIN;SEASHELLS;10000;1
102700;SUBMISSION;;RAINFOREST_RESIN;SEASHELLS;10000;2
102700;SUBMISSION;;RAINFOREST_RESIN;SEASHELLS;10000;1
102800;;SUBMISSION;RAINFOREST_RESIN;SEASHELLS;10002;6
102900;;SUBMISSION;RAINFOREST_RESIN;SEASHELLS;10002;6
103000;;SUBMISSION;RAINFOREST_RESIN;SEASHELLS;10002;6
103100;;SUBMISSION;RAINFOREST_RESIN;SEASHELLS;10002;6
103200;;SUBMISSION;RAINFOREST_RESIN;SEASHELLS;10002;6
103300;;SUBMISSION;RAINFOREST_RESIN;SEASHELLS;10002;6
103400;;SUBMISSION;RAINFOREST_RESIN;SEASHELLS;10002;1
106200;SUBMISSION;;RAINFOREST_RESIN;SEASHELLS;10000;2
106200;SUBMISSION;;RAINFOREST_RESIN;SEASHELLS;10000;5
106300;SUBMISSION;;RAINFOREST_RESIN;SEASHELLS;10000;1
106400;SUBMISSION;;RAINFOREST_RESIN;SEASHELLS;10000;1
106500;SUBMISSION;;RAINFOREST_RESIN;SEASHELLS;10000;1
106600;SUBMISSION;;RAINFOREST_RESIN;SEASHELLS;10000;2
106700;SUBMISSION;;RAINFOREST_RESIN;SEASHELLS;10000;2
106800;SUBMISSION;;RAINFOREST_RESIN;SEASHELLS;10000;2
106800;;SUBMISSION;RAINFOREST_RESIN;SEASHELLS;10002;1
106900;SUBMISSION;;RAINFOREST_RESIN;SEASHELLS;10000;2
107000;SUBMISSION;;RAINFOREST_RESIN;SEASHELLS;10000;2
107100;SUBMISSION;;RAINFOREST_RESIN;SEASHELLS;10000;2
107200;SUBMISSION;;RAINFOREST_RESIN;SEASHELLS;10000;2
107300;SUBMISSION;;RAINFOREST_RESIN;SEASHELLS;10000;2
107400;SUBMISSION;;RAINFOREST_RESIN;SEASHELLS;10000;2
107500;SUBMISSION;;RAINFOREST_RESIN;SEASHELLS;10000;1
107600;SUBMISSION;;RAINFOREST_RESIN;SEASHELLS;10000;1
107700;SUBMISSION;;RAINFOREST_RESIN;SEASHELLS;10000;1
107800;SUBMISSION;;RAINFOREST_RESIN;SEASHELLS;10000;1
107900;SUBMISSION;;RAINFOREST_RESIN;SEASHELLS;10000;1
108000;SUBMISSION;;RAINFOREST_RESIN;SEASHELLS;10000;1
108100;SUBMISSION;;RAINFOREST_RESIN;SEASHELLS;10000;1
108200;SUBMISSION;;RAINFOREST_RESIN;SEASHELLS;10000;1
108300;SUBMISSION;;RAINFOREST_RESIN;SEASHELLS;10000;1
108400;SUBMISSION;;RAINFOREST_RESIN;SEASHELLS;10000;1
108500;SUBMISSION;;RAINFOREST_RESIN;SEASHELLS;10000;1
108600;SUBMISSION;;RAINFOREST_RESIN;SEASHELLS;10000;1
108700;SUBMISSION;;RAINFOREST_RESIN;SEASHELLS;10000;3
108700;SUBMISSION;;RAINFOREST_RESIN;SEASHELLS;10000;1
108800;SUBMISSION;;RAINFOREST_RESIN;SEASHELLS;10000;3
108800;SUBMISSION;;RAINFOREST_RESIN;SEASHELLS;10000;1
108900;SUBMISSION;;RAINFOREST_RESIN;SEASHELLS;10000;3
108900;SUBMISSION;;RAINFOREST_RESIN;SEASHELLS;10000;1
109000;SUBMISSION;;RAINFOREST_RESIN;SEASHELLS;9998;3
109000;SUBMISSION;;RAINFOREST_RESIN;SEASHELLS;9998;1
109100;SUBMISSION;;RAINFOREST_RESIN;SEASHELLS;9998;3
109100;SUBMISSION;;RAINFOREST_RESIN;SEASHELLS;9998;1
109200;SUBMISSION;;RAINFOREST_RESIN;SEASHELLS;9998;3
109200;SUBMISSION;;RAINFOREST_RESIN;SEASHELLS;9998;1
109300;SUBMISSION;;RAINFOREST_RESIN;SEASHELLS;9998;3
109300;SUBMISSION;;RAINFOREST_RESIN;SEASHELLS;9998;1
109400;SUBMISSION;;RAINFOREST_RESIN;SEASHELLS;9998;3
109400;SUBMISSION;;RAINFOREST_RESIN;SEASHELLS;9998;1
109500;SUBMISSION;;RAINFOREST_RESIN;SEASHELLS;9998;3
109500;SUBMISSION;;RAINFOREST_RESIN;SEASHELLS;9998;1
109600;SUBMISSION;;RAINFOREST_RESIN;SEASHELLS;9998;3
109600;SUBMISSION;;RAINFOREST_RESIN;SEASHELLS;9998;1
109700;SUBMISSION;;RAINFOREST_RESIN;SEASHELLS;9998;3
109700;SUBMISSION;;RAINFOREST_RESIN;SEASHELLS;9998;1
109800;SUBMISSION;;RAINFOREST_RESIN;SEASHELLS;9998;3
109800;SUBMISSION;;RAINFOREST_RESIN;SEASHELLS;9998;1
109800;;SUBMISSION;RAINFOREST_RESIN;SEASHELLS;10002;1
109900;SUBMISSION;;RAINFOREST_RESIN;SEASHELLS;9998;3
109900;SUBMISSION;;RAINFOREST_RESIN;SEASHELLS;9998;1
109900;;SUBMISSION;RAINFOREST_RESIN;SEASHELLS;10002;1
110000;SUBMISSION;;RAINFOREST_RESIN;SEASHELLS;9998;3
110000;SUBMISSION;;RAINFOREST_RESIN;SEASHELLS;9998;1
110100;SUBMISSION;;RAINFOREST_RESIN;SEASHELLS;9998;1
110200;SUBMISSION;;RAINFOREST_RESIN;SEASHELLS;9998;1
110300;SUBMISSION;;RAINFOREST_RESIN;SEASHELLS;9998;1
110400;SUBMISSION;;RAINFOREST_RESIN;SEASHELLS;9998;1
110500;;SUBMISSION;RAINFOREST_RESIN;SEASHELLS;10000;10
110600;;SUBMISSION;RAINFOREST_RESIN;SEASHELLS;10002;8
110600;;SUBMISSION;RAINFOREST_RESIN;SEASHELLS;10000;10
110700;;SUBMISSION;RAINFOREST_RESIN;SEASHELLS;10000;10
110800;;SUBMISSION;RAINFOREST_RESIN;SEASHELLS;10000;10
110900;;SUBMISSION;RAINFOREST_RESIN;SEASHELLS;10002;10
111000;;SUBMISSION;RAINFOREST_RESIN;SEASHELLS;10002;10
111100;SUBMISSION;;RAINFOREST_RESIN;SEASHELLS;10000;1
111200;SUBMISSION;;RAINFOREST_RESIN;SEASHELLS;10000;4
111300;SUBMISSION;;RAINFOREST_RESIN;SEASHELLS;10000;4
111400;SUBMISSION;;RAINFOREST_RESIN;SEASHELLS;10000;4
111500;SUBMISSION;;RAINFOREST_RESIN;SEASHELLS;10000;4
111600;SUBMISSION;;RAINFOREST_RESIN;SEASHELLS;10000;4
111700;SUBMISSION;;RAINFOREST_RESIN;SEASHELLS;9999;4
111800;SUBMISSION;;RAINFOREST_RESIN;SEASHELLS;9998;4
111900;SUBMISSION;;RAINFOREST_RESIN;SEASHELLS;9998;4
112000;SUBMISSION;;RAINFOREST_RESIN;SEASHELLS;9998;4
112100;SUBMISSION;;RAINFOREST_RESIN;SEASHELLS;9998;4
112200;SUBMISSION;;RAINFOREST_RESIN;SEASHELLS;9998;5
112300;SUBMISSION;;RAINFOREST_RESIN;SEASHELLS;9998;5
112400;SUBMISSION;;RAINFOREST_RESIN;SEASHELLS;9998;5
112500;SUBMISSION;;RAINFOREST_RESIN;SEASHELLS;9998;5
112600;SUBMISSION;;RAINFOREST_RESIN;SEASHELLS;9998;5
112700;SUBMISSION;;RAINFOREST_RESIN;SEASHELLS;9998;5
113000;;SUBMISSION;RAINFOREST_RESIN;SEASHELLS;10002;4
113000;;SUBMISSION;RAINFOREST_RESIN;SEASHELLS;10000;6
113100;;SUBMISSION;RAINFOREST_RESIN;SEASHELLS;10000;6
113200;;SUBMISSION;RAINFOREST_RESIN;SEASHELLS;10000;6
113300;;SUBMISSION;RAINFOREST_RESIN;SEASHELLS;10000;6
113400;;SUBMISSION;RAINFOREST_RESIN;SEASHELLS;10000;6
113500;;SUBMISSION;RAINFOREST_RESIN;SEASHELLS;10000;6
113600;;SUBMISSION;RAINFOREST_RESIN;SEASHELLS;10000;6
113700;;SUBMISSION;RAINFOREST_RESIN;SEASHELLS;10000;6
113800;;SUBMISSION;RAINFOREST_RESIN;SEASHELLS;10002;1
113800;;SUBMISSION;RAINFOREST_RESIN;SEASHELLS;10002;6
113900;;SUBMISSION;RAINFOREST_RESIN;SEASHELLS;10002;1
114000;;SUBMISSION;RAINFOREST_RESIN;SEASHELLS;10002;1
114100;;SUBMISSION;RAINFOREST_RESIN;SEASHELLS;10002;1
114200;;SUBMISSION;RAINFOREST_RESIN;SEASHELLS;10002;1
114300;;SUBMISSION;RAINFOREST_RESIN;SEASHELLS;10002;1
114400;;SUBMISSION;RAINFOREST_RESIN;SEASHELLS;10002;1
114500;;SUBMISSION;RAINFOREST_RESIN;SEASHELLS;10002;2
114600;;SUBMISSION;RAINFOREST_RESIN;SEASHELLS;10002;1
114600;;SUBMISSION;RAINFOREST_RESIN;SEASHELLS;10002;2
114700;;SUBMISSION;RAINFOREST_RESIN;SEASHELLS;10002;2
114800;;SUBMISSION;RAINFOREST_RESIN;SEASHELLS;10002;2
114900;;SUBMISSION;RAINFOREST_RESIN;SEASHELLS;10002;2
115000;;SUBMISSION;RAINFOREST_RESIN;SEASHELLS;10002;2
115100;;SUBMISSION;RAINFOREST_RESIN;SEASHELLS;10002;2
115200;;SUBMISSION;RAINFOREST_RESIN;SEASHELLS;10002;2
115300;;SUBMISSION;RAINFOREST_RESIN;SEASHELLS;10002;2
115400;SUBMISSION;;RAINFOREST_RESIN;SEASHELLS;10000;1
115500;SUBMISSION;;RAINFOREST_RESIN;SEASHELLS;10000;1
115600;SUBMISSION;;RAINFOREST_RESIN;SEASHELLS;10000;1
115700;SUBMISSION;;RAINFOREST_RESIN;SEASHELLS;10000;1
115800;SUBMISSION;;RAINFOREST_RESIN;SEASHELLS;10000;1
115900;SUBMISSION;;RAINFOREST_RESIN;SEASHELLS;10000;1
116000;SUBMISSION;;RAINFOREST_RESIN;SEASHELLS;10000;1
116100;SUBMISSION;;RAINFOREST_RESIN;SEASHELLS;10000;1
116200;SUBMISSION;;RAINFOREST_RESIN;SEASHELLS;10000;1
116300;SUBMISSION;;RAINFOREST_RESIN;SEASHELLS;10000;1
116400;SUBMISSION;;RAINFOREST_RESIN;SEASHELLS;10000;1
116500;SUBMISSION;;RAINFOREST_RESIN;SEASHELLS;10000;1
116600;SUBMISSION;;RAINFOREST_RESIN;SEASHELLS;10000;1
116700;SUBMISSION;;RAINFOREST_RESIN;SEASHELLS;10000;1
116700;;SUBMISSION;RAINFOREST_RESIN;SEASHELLS;10002;1
116800;SUBMISSION;;RAINFOREST_RESIN;SEASHELLS;10000;1
116800;;SUBMISSION;RAINFOREST_RESIN;SEASHELLS;10002;3
116900;;SUBMISSION;RAINFOREST_RESIN;SEASHELLS;10002;3
117000;SUBMISSION;;RAINFOREST_RESIN;SEASHELLS;10000;1
117000;SUBMISSION;;RAINFOREST_RESIN;SEASHELLS;10000;7
117100;SUBMISSION;;RAINFOREST_RESIN;SEASHELLS;10000;1
117100;SUBMISSION;;RAINFOREST_RESIN;SEASHELLS;10000;7
117200;SUBMISSION;;RAINFOREST_RESIN;SEASHELLS;10000;1
117200;SUBMISSION;;RAINFOREST_RESIN;SEASHELLS;10000;7
117300;SUBMISSION;;RAINFOREST_RESIN;SEASHELLS;10000;1
117300;SUBMISSION;;RAINFOREST_RESIN;SEASHELLS;10000;7
117400;SUBMISSION;;RAINFOREST_RESIN;SEASHELLS;9998;1
117400;SUBMISSION;;RAINFOREST_RESIN;SEASHELLS;9998;7
117500;SUBMISSION;;RAINFOREST_RESIN;SEASHELLS;9998;1
117500;SUBMISSION;;RAINFOREST_RESIN;SEASHELLS;9998;7
117600;SUBMISSION;;RAINFOREST_RESIN;SEASHELLS;9998;1
117600;SUBMISSION;;RAINFOREST_RESIN;SEASHELLS;9998;7
117700;SUBMISSION;;RAINFOREST_RESIN;SEASHELLS;9998;1
117700;SUBMISSION;;RAINFOREST_RESIN;SEASHELLS;9998;7
117800;SUBMISSION;;RAINFOREST_RESIN;SEASHELLS;9998;1
117800;SUBMISSION;;RAINFOREST_RESIN;SEASHELLS;9998;7
117900;SUBMISSION;;RAINFOREST_RESIN;SEASHELLS;9998;1
117900;SUBMISSION;;RAINFOREST_RESIN;SEASHELLS;9998;3
118100;;SUBMISSION;RAINFOREST_RESIN;SEASHELLS;10000;1
118200;;SUBMISSION;RAINFOREST_RESIN;SEASHELLS;10000;1
118300;;SUBMISSION;RAINFOREST_RESIN;SEASHELLS;10000;1
118400;;SUBMISSION;RAINFOREST_RESIN;SEASHELLS;10000;1
118500;;SUBMISSION;RAINFOREST_RESIN;SEASHELLS;10000;1
118600;;SUBMISSION;RAINFOREST_RESIN;SEASHELLS;10000;1
118700;;SUBMISSION;RAINFOREST_RESIN;SEASHELLS;10000;1
118800;;SUBMISSION;RAINFOREST_RESIN;SEASHELLS;10000;1
118900;;SUBMISSION;RAINFOREST_RESIN;SEASHELLS;10000;1
119000;;SUBMISSION;RAINFOREST_RESIN;SEASHELLS;10000;1
119100;;SUBMISSION;RAINFOREST_RESIN;SEASHELLS;10000;1
119200;;SUBMISSION;RAINFOREST_RESIN;SEASHELLS;10000;1
119300;;SUBMISSION;RAINFOREST_RESIN;SEASHELLS;10000;1
119400;SUBMISSION;;RAINFOREST_RESIN;SEASHELLS;9998;1
119500;SUBMISSION;;RAINFOREST_RESIN;SEASHELLS;9998;1
119600;SUBMISSION;;RAINFOREST_RESIN;SEASHELLS;9998;1
119700;SUBMISSION;;RAINFOREST_RESIN;SEASHELLS;9998;1
119800;SUBMISSION;;RAINFOREST_RESIN;SEASHELLS;9998;1
119800;;SUBMISSION;RAINFOREST_RESIN;SEASHELLS;10000;4
119900;;SUBMISSION;RAINFOREST_RESIN;SEASHELLS;10002;1
119900;;SUBMISSION;RAINFOREST_RESIN;SEASHELLS;10000;1
120000;;SUBMISSION;RAINFOREST_RESIN;SEASHELLS;10002;1
120000;;SUBMISSION;RAINFOREST_RESIN;SEASHELLS;10000;1
120100;;SUBMISSION;RAINFOREST_RESIN;SEASHELLS;10000;1
120200;;SUBMISSION;RAINFOREST_RESIN;SEASHELLS;10002;1
120200;;SUBMISSION;RAINFOREST_RESIN;SEASHELLS;10000;1
120300;;SUBMISSION;RAINFOREST_RESIN;SEASHELLS;10000;1
120400;SUBMISSION;;RAINFOREST_RESIN;SEASHELLS;9998;2
120500;SUBMISSION;;RAINFOREST_RESIN;SEASHELLS;9998;2
120600;;SUBMISSION;RAINFOREST_RESIN;SEASHELLS;10000;1
120700;;SUBMISSION;RAINFOREST_RESIN;SEASHELLS;10000;1
120800;;SUBMISSION;RAINFOREST_RESIN;SEASHELLS;10000;1
120900;;SUBMISSION;RAINFOREST_RESIN;SEASHELLS;10000;1
121000;;SUBMISSION;RAINFOREST_RESIN;SEASHELLS;10000;1
121100;;SUBMISSION;RAINFOREST_RESIN;SEASHELLS;10000;1
121200;;SUBMISSION;RAINFOREST_RESIN;SEASHELLS;10000;1
121300;;SUBMISSION;RAINFOREST_RESIN;SEASHELLS;10000;1
121400;;SUBMISSION;RAINFOREST_RESIN;SEASHELLS;10002;5
121400;;SUBMISSION;RAINFOREST_RESIN;SEASHELLS;10000;1
121500;;SUBMISSION;RAINFOREST_RESIN;SEASHELLS;10000;1
121600;;SUBMISSION;RAINFOREST_RESIN;SEASHELLS;10000;1
121700;;SUBMISSION;RAINFOREST_RESIN;SEASHELLS;10000;1
121800;;SUBMISSION;RAINFOREST_RESIN;SEASHELLS;10000;1
121900;;SUBMISSION;RAINFOREST_RESIN;SEASHELLS;10000;1
122000;;SUBMISSION;RAINFOREST_RESIN;SEASHELLS;10000;1
122100;;SUBMISSION;RAINFOREST_RESIN;SEASHELLS;10000;1
122200;;SUBMISSION;RAINFOREST_RESIN;SEASHELLS;10000;1
122300;;SUBMISSION;RAINFOREST_RESIN;SEASHELLS;10000;1
122400;;SUBMISSION;RAINFOREST_RESIN;SEASHELLS;10000;1
122500;;SUBMISSION;RAINFOREST_RESIN;SEASHELLS;10000;1
122600;;SUBMISSION;RAINFOREST_RESIN;SEASHELLS;10000;1
122700;;SUBMISSION;RAINFOREST_RESIN;SEASHELLS;10000;1
122800;;SUBMISSION;RAINFOREST_RESIN;SEASHELLS;10000;1
122900;;SUBMISSION;RAINFOREST_RESIN;SEASHELLS;10000;1
123000;;SUBMISSION;RAINFOREST_RESIN;SEASHELLS;10000;1
123100;SUBMISSION;;RAINFOREST_RESIN;SEASHELLS;9998;1
123200;SUBMISSION;;RAINFOREST_RESIN;SEASHELLS;9998;1
123300;SUBMISSION;;RAINFOREST_RESIN;SEASHELLS;9998;1
123400;SUBMISSION;;RAINFOREST_RESIN;SEASHELLS;9998;1
123500;SUBMISSION;;RAINFOREST_RESIN;SEASHELLS;9998;1
123600;SUBMISSION;;RAINFOREST_RESIN;SEASHELLS;9998;1
123700;SUBMISSION;;RAINFOREST_RESIN;SEASHELLS;9998;1
123700;;SUBMISSION;RAINFOREST_RESIN;SEASHELLS;10002;6
123800;;SUBMISSION;RAINFOREST_RESIN;SEASHELLS;10000;6
123900;SUBMISSION;;RAINFOREST_RESIN;SEASHELLS;10000;1
124000;SUBMISSION;;RAINFOREST_RESIN;SEASHELLS;9999;1
124100;;SUBMISSION;RAINFOREST_RESIN;SEASHELLS;10000;2
124200;;SUBMISSION;RAINFOREST_RESIN;SEASHELLS;10002;2
124300;;SUBMISSION;RAINFOREST_RESIN;SEASHELLS;10002;2
124400;;SUBMISSION;RAINFOREST_RESIN;SEASHELLS;10002;2
124500;;SUBMISSION;RAINFOREST_RESIN;SEASHELLS;10002;2
124600;;SUBMISSION;RAINFOREST_RESIN;SEASHELLS;10002;2
124700;;SUBMISSION;RAINFOREST_RESIN;SEASHELLS;10002;2
124800;;SUBMISSION;RAINFOREST_RESIN;SEASHELLS;10002;2
124900;;SUBMISSION;RAINFOREST_RESIN;SEASHELLS;10002;2
125000;;SUBMISSION;RAINFOREST_RESIN;SEASHELLS;10002;2
125100;;SUBMISSION;RAINFOREST_RESIN;SEASHELLS;10002;2
125200;;SUBMISSION;RAINFOREST_RESIN;SEASHELLS;10002;4
125200;;SUBMISSION;RAINFOREST_RESIN;SEASHELLS;10002;2
125300;;SUBMISSION;RAINFOREST_RESIN;SEASHELLS;10002;4
125400;SUBMISSION;;RAINFOREST_RESIN;SEASHELLS;10000;1
125400;SUBMISSION;;RAINFOREST_RESIN;SEASHELLS;10000;1
125500;SUBMISSION;;RAINFOREST_RESIN;SEASHELLS;10000;1
125500;SUBMISSION;;RAINFOREST_RESIN;SEASHELLS;10000;1
125600;SUBMISSION;;RAINFOREST_RESIN;SEASHELLS;10000;1
125600;SUBMISSION;;RAINFOREST_RESIN;SEASHELLS;10000;1
125700;SUBMISSION;;RAINFOREST_RESIN;SEASHELLS;10000;1
125700;SUBMISSION;;RAINFOREST_RESIN;SEASHELLS;10000;1
125800;SUBMISSION;;RAINFOREST_RESIN;SEASHELLS;10000;1
125800;SUBMISSION;;RAINFOREST_RESIN;SEASHELLS;10000;1
125900;SUBMISSION;;RAINFOREST_RESIN;SEASHELLS;10000;1
125900;SUBMISSION;;RAINFOREST_RESIN;SEASHELLS;10000;1
126000;SUBMISSION;;RAINFOREST_RESIN;SEASHELLS;10000;1
126000;SUBMISSION;;RAINFOREST_RESIN;SEASHELLS;10000;1
126100;SUBMISSION;;RAINFOREST_RESIN;SEASHELLS;10000;1
126100;SUBMISSION;;RAINFOREST_RESIN;SEASHELLS;10000;1
126100;;SUBMISSION;RAINFOREST_RESIN;SEASHELLS;10002;1
126200;SUBMISSION;;RAINFOREST_RESIN;SEASHELLS;10000;1
126200;SUBMISSION;;RAINFOREST_RESIN;SEASHELLS;10000;1
126200;;SUBMISSION;RAINFOREST_RESIN;SEASHELLS;10002;7
126300;SUBMISSION;;RAINFOREST_RESIN;SEASHELLS;10000;1
126300;SUBMISSION;;RAINFOREST_RESIN;SEASHELLS;10000;1
126400;SUBMISSION;;RAINFOREST_RESIN;SEASHELLS;10000;2
126500;SUBMISSION;;RAINFOREST_RESIN;SEASHELLS;10000;2
126600;SUBMISSION;;RAINFOREST_RESIN;SEASHELLS;10000;2
126700;SUBMISSION;;RAINFOREST_RESIN;SEASHELLS;10000;2
126700;;SUBMISSION;RAINFOREST_RESIN;SEASHELLS;10002;2
126800;;SUBMISSION;RAINFOREST_RESIN;SEASHELLS;10002;2
126900;;SUBMISSION;RAINFOREST_RESIN;SEASHELLS;10002;2
127000;;SUBMISSION;RAINFOREST_RESIN;SEASHELLS;10002;2
127100;SUBMISSION;;RAINFOREST_RESIN;SEASHELLS;10000;2
127200;SUBMISSION;;RAINFOREST_RESIN;SEASHELLS;10000;2
127300;SUBMISSION;;RAINFOREST_RESIN;SEASHELLS;10000;2
127400;SUBMISSION;;RAINFOREST_RESIN;SEASHELLS;10000;2
127500;;SUBMISSION;RAINFOREST_RESIN;SEASHELLS;10002;2
127600;;SUBMISSION;RAINFOREST_RESIN;SEASHELLS;10002;2
127700;;SUBMISSION;RAINFOREST_RESIN;SEASHELLS;10002;2
127800;;SUBMISSION;RAINFOREST_RESIN;SEASHELLS;10002;2
127900;;SUBMISSION;RAINFOREST_RESIN;SEASHELLS;10002;2
128000;;SUBMISSION;RAINFOREST_RESIN;SEASHELLS;10002;2
128000;;SUBMISSION;RAINFOREST_RESIN;SEASHELLS;10002;7
128100;;SUBMISSION;RAINFOREST_RESIN;SEASHELLS;10002;2
128100;;SUBMISSION;RAINFOREST_RESIN;SEASHELLS;10002;7
128200;;SUBMISSION;RAINFOREST_RESIN;SEASHELLS;10002;1
128200;;SUBMISSION;RAINFOREST_RESIN;SEASHELLS;10002;2
128200;;SUBMISSION;RAINFOREST_RESIN;SEASHELLS;10002;7
128300;;SUBMISSION;RAINFOREST_RESIN;SEASHELLS;10002;1
128500;SUBMISSION;;RAINFOREST_RESIN;SEASHELLS;10000;1
128600;SUBMISSION;;RAINFOREST_RESIN;SEASHELLS;10000;1
128700;SUBMISSION;;RAINFOREST_RESIN;SEASHELLS;10000;1
128800;;SUBMISSION;RAINFOREST_RESIN;SEASHELLS;10002;3
132100;SUBMISSION;;RAINFOREST_RESIN;SEASHELLS;10000;1
132100;SUBMISSION;;RAINFOREST_RESIN;SEASHELLS;10000;3
132200;SUBMISSION;;RAINFOREST_RESIN;SEASHELLS;10000;1
132200;SUBMISSION;;RAINFOREST_RESIN;SEASHELLS;10000;3
132300;SUBMISSION;;RAINFOREST_RESIN;SEASHELLS;10000;1
132300;SUBMISSION;;RAINFOREST_RESIN;SEASHELLS;10000;3
132300;;SUBMISSION;RAINFOREST_RESIN;SEASHELLS;10002;4
132400;;SUBMISSION;RAINFOREST_RESIN;SEASHELLS;10002;4
132500;;SUBMISSION;RAINFOREST_RESIN;SEASHELLS;10002;1
132600;SUBMISSION;;RAINFOREST_RESIN;SEASHELLS;10000;1
132700;SUBMISSION;;RAINFOREST_RESIN;SEASHELLS;10000;1
132800;SUBMISSION;;RAINFOREST_RESIN;SEASHELLS;10000;1
132900;SUBMISSION;;RAINFOREST_RESIN;SEASHELLS;10000;1
133000;SUBMISSION;;RAINFOREST_RESIN;SEASHELLS;10000;1
133100;SUBMISSION;;RAINFOREST_RESIN;SEASHELLS;10000;1
133100;;SUBMISSION;RAINFOREST_RESIN;SEASHELLS;10002;5
133200;;SUBMISSION;RAINFOREST_RESIN;SEASHELLS;10002;1
133200;;SUBMISSION;RAINFOREST_RESIN;SEASHELLS;10002;3
133300;SUBMISSION;;RAINFOREST_RESIN;SEASHELLS;10000;1
133400;SUBMISSION;;RAINFOREST_RESIN;SEASHELLS;10000;1
133500;SUBMISSION;;RAINFOREST_RESIN;SEASHELLS;10000;2
133600;SUBMISSION;;RAINFOREST_RESIN;SEASHELLS;10000;2
133700;SUBMISSION;;RAINFOREST_RESIN;SEASHELLS;10000;2
133800;SUBMISSION;;RAINFOREST_RESIN;SEASHELLS;10000;2
133900;SUBMISSION;;RAINFOREST_RESIN;SEASHELLS;10000;2
134000;SUBMISSION;;RAINFOREST_RESIN;SEASHELLS;10000;2
134100;SUBMISSION;;RAINFOREST_RESIN;SEASHELLS;10000;2
134200;SUBMISSION;;RAINFOREST_RESIN;SEASHELLS;10000;2
134200;;SUBMISSION;RAINFOREST_RESIN;SEASHELLS;10002;1
134300;;SUBMISSION;RAINFOREST_RESIN;SEASHELLS;10002;1
134300;;SUBMISSION;RAINFOREST_RESIN;SEASHELLS;10002;1
134400;;SUBMISSION;RAINFOREST_RESIN;SEASHELLS;10002;1
134500;;SUBMISSION;RAINFOREST_RESIN;SEASHELLS;10002;1
134600;;SUBMISSION;RAINFOREST_RESIN;SEASHELLS;10002;1
134700;;SUBMISSION;RAINFOREST_RESIN;SEASHELLS;10002;4
134700;;SUBMISSION;RAINFOREST_RESIN;SEASHELLS;10002;1
134700;;SUBMISSION;RAINFOREST_RESIN;SEASHELLS;10002;1
134800;;SUBMISSION;RAINFOREST_RESIN;SEASHELLS;10002;1
134800;;SUBMISSION;RAINFOREST_RESIN;SEASHELLS;10002;1
134800;;SUBMISSION;RAINFOREST_RESIN;SEASHELLS;10002;4
134900;SUBMISSION;;RAINFOREST_RESIN;SEASHELLS;10000;1
135000;SUBMISSION;;RAINFOREST_RESIN;SEASHELLS;10000;1
135000;SUBMISSION;;RAINFOREST_RESIN;SEASHELLS;10000;1
135100;SUBMISSION;;RAINFOREST_RESIN;SEASHELLS;10000;1
135100;SUBMISSION;;RAINFOREST_RESIN;SEASHELLS;10000;1
135200;SUBMISSION;;RAINFOREST_RESIN;SEASHELLS;10000;1
135200;SUBMISSION;;RAINFOREST_RESIN;SEASHELLS;10000;1
135300;SUBMISSION;;RAINFOREST_RESIN;SEASHELLS;10000;1
135300;SUBMISSION;;RAINFOREST_RESIN;SEASHELLS;10000;1
135400;SUBMISSION;;RAINFOREST_RESIN;SEASHELLS;10000;1
135400;SUBMISSION;;RAINFOREST_RESIN;SEASHELLS;10000;1
135500;SUBMISSION;;RAINFOREST_RESIN;SEASHELLS;10000;1
135500;SUBMISSION;;RAINFOREST_RESIN;SEASHELLS;10000;1
135600;SUBMISSION;;RAINFOREST_RESIN;SEASHELLS;10000;1
135600;SUBMISSION;;RAINFOREST_RESIN;SEASHELLS;10000;1
135600;;SUBMISSION;RAINFOREST_RESIN;SEASHELLS;10002;1
135700;;SUBMISSION;RAINFOREST_RESIN;SEASHELLS;10002;1
135800;;SUBMISSION;RAINFOREST_RESIN;SEASHELLS;10002;1
135900;;SUBMISSION;RAINFOREST_RESIN;SEASHELLS;10002;1
136000;;SUBMISSION;RAINFOREST_RESIN;SEASHELLS;10002;2
136100;SUBMISSION;;RAINFOREST_RESIN;SEASHELLS;10000;1
136200;SUBMISSION;;RAINFOREST_RESIN;SEASHELLS;10000;1
136300;SUBMISSION;;RAINFOREST_RESIN;SEASHELLS;10000;1
136300;;SUBMISSION;RAINFOREST_RESIN;SEASHELLS;10002;1
136400;;SUBMISSION;RAINFOREST_RESIN;SEASHELLS;10002;1
136500;;SUBMISSION;RAINFOREST_RESIN;SEASHELLS;10002;1
136600;;SUBMISSION;RAINFOREST_RESIN;SEASHELLS;10002;2
136700;;SUBMISSION;RAINFOREST_RESIN;SEASHELLS;10002;2
136800;;SUBMISSION;RAINFOREST_RESIN;SEASHELLS;10002;1
136800;;SUBMISSION;RAINFOREST_RESIN;SEASHELLS;10002;2
136900;;SUBMISSION;RAINFOREST_RESIN;SEASHELLS;10002;2
137100;SUBMISSION;;RAINFOREST_RESIN;SEASHELLS;10000;1
137200;;SUBMISSION;RAINFOREST_RESIN;SEASHELLS;10002;1
137700;SUBMISSION;;RAINFOREST_RESIN;SEASHELLS;10000;2
137800;SUBMISSION;;RAINFOREST_RESIN;SEASHELLS;10000;2
137900;SUBMISSION;;RAINFOREST_RESIN;SEASHELLS;10000;2
138000;;SUBMISSION;RAINFOREST_RESIN;SEASHELLS;10002;1
138100;;SUBMISSION;RAINFOREST_RESIN;SEASHELLS;10002;1
138200;SUBMISSION;;RAINFOREST_RESIN;SEASHELLS;10000;2
138200;SUBMISSION;;RAINFOREST_RESIN;SEASHELLS;10000;7
138300;SUBMISSION;;RAINFOREST_RESIN;SEASHELLS;10000;2
138300;SUBMISSION;;RAINFOREST_RESIN;SEASHELLS;10000;7
138400;SUBMISSION;;RAINFOREST_RESIN;SEASHELLS;10000;7
138500;SUBMISSION;;RAINFOREST_RESIN;SEASHELLS;10000;7
138600;SUBMISSION;;RAINFOREST_RESIN;SEASHELLS;10000;7
138700;SUBMISSION;;RAINFOREST_RESIN;SEASHELLS;10000;7
138800;SUBMISSION;;RAINFOREST_RESIN;SEASHELLS;9999;7
138900;SUBMISSION;;RAINFOREST_RESIN;SEASHELLS;9998;7
139000;SUBMISSION;;RAINFOREST_RESIN;SEASHELLS;9998;7
139100;SUBMISSION;;RAINFOREST_RESIN;SEASHELLS;9998;7
139200;SUBMISSION;;RAINFOREST_RESIN;SEASHELLS;9998;7
139300;SUBMISSION;;RAINFOREST_RESIN;SEASHELLS;9998;7
139400;SUBMISSION;;RAINFOREST_RESIN;SEASHELLS;9998;7
139400;;SUBMISSION;RAINFOREST_RESIN;SEASHELLS;10002;5
139500;;SUBMISSION;RAINFOREST_RESIN;SEASHELLS;10000;1
139500;;SUBMISSION;RAINFOREST_RESIN;SEASHELLS;10000;1
139500;;SUBMISSION;RAINFOREST_RESIN;SEASHELLS;10000;5
139600;;SUBMISSION;RAINFOREST_RESIN;SEASHELLS;10000;1
139600;;SUBMISSION;RAINFOREST_RESIN;SEASHELLS;10000;1
139600;;SUBMISSION;RAINFOREST_RESIN;SEASHELLS;10000;5
139700;SUBMISSION;;RAINFOREST_RESIN;SEASHELLS;9998;1
139800;SUBMISSION;;RAINFOREST_RESIN;SEASHELLS;9998;1
139900;SUBMISSION;;RAINFOREST_RESIN;SEASHELLS;9998;1
140000;SUBMISSION;;RAINFOREST_RESIN;SEASHELLS;9998;1
140100;SUBMISSION;;RAINFOREST_RESIN;SEASHELLS;9998;1
140200;SUBMISSION;;RAINFOREST_RESIN;SEASHELLS;9998;1
140300;SUBMISSION;;RAINFOREST_RESIN;SEASHELLS;9998;1
140300;;SUBMISSION;RAINFOREST_RESIN;SEASHELLS;10002;1
140400;SUBMISSION;;RAINFOREST_RESIN;SEASHELLS;9998;1
140500;SUBMISSION;;RAINFOREST_RESIN;SEASHELLS;9998;1
140600;SUBMISSION;;RAINFOREST_RESIN;SEASHELLS;9998;1
140700;SUBMISSION;;RAINFOREST_RESIN;SEASHELLS;9998;1
140800;SUBMISSION;;RAINFOREST_RESIN;SEASHELLS;9998;1
140900;SUBMISSION;;RAINFOREST_RESIN;SEASHELLS;9998;1
141000;SUBMISSION;;RAINFOREST_RESIN;SEASHELLS;9998;1
141100;SUBMISSION;;RAINFOREST_RESIN;SEASHELLS;9998;1
141200;SUBMISSION;;RAINFOREST_RESIN;SEASHELLS;9998;1
141300;SUBMISSION;;RAINFOREST_RESIN;SEASHELLS;9998;1
141400;SUBMISSION;;RAINFOREST_RESIN;SEASHELLS;9998;1
141500;SUBMISSION;;RAINFOREST_RESIN;SEASHELLS;9998;1
141600;;SUBMISSION;RAINFOREST_RESIN;SEASHELLS;10000;1
141700;;SUBMISSION;RAINFOREST_RESIN;SEASHELLS;10000;1
141800;;SUBMISSION;RAINFOREST_RESIN;SEASHELLS;10000;1
141900;;SUBMISSION;RAINFOREST_RESIN;SEASHELLS;10000;1
142000;;SUBMISSION;RAINFOREST_RESIN;SEASHELLS;10000;1
142100;;SUBMISSION;RAINFOREST_RESIN;SEASHELLS;10000;1
142200;;SUBMISSION;RAINFOREST_RESIN;SEASHELLS;10000;1
142300;;SUBMISSION;RAINFOREST_RESIN;SEASHELLS;10000;1
142400;;SUBMISSION;RAINFOREST_RESIN;SEASHELLS;10002;3
142400;;SUBMISSION;RAINFOREST_RESIN;SEASHELLS;10000;1
142500;;SUBMISSION;RAINFOREST_RESIN;SEASHELLS;10000;1
142600;;SUBMISSION;RAINFOREST_RESIN;SEASHELLS;10000;1
142700;;SUBMISSION;RAINFOREST_RESIN;SEASHELLS;10002;5
142700;;SUBMISSION;RAINFOREST_RESIN;SEASHELLS;10000;1
142800;SUBMISSION;;RAINFOREST_RESIN;SEASHELLS;9998;2
142900;SUBMISSION;;RAINFOREST_RESIN;SEASHELLS;9998;2
143000;SUBMISSION;;RAINFOREST_RESIN;SEASHELLS;9998;2
143100;;SUBMISSION;RAINFOREST_RESIN;SEASHELLS;10000;1
143200;;SUBMISSION;RAINFOREST_RESIN;SEASHELLS;10000;1
143300;;SUBMISSION;RAINFOREST_RESIN;SEASHELLS;10000;1
143400;;SUBMISSION;RAINFOREST_RESIN;SEASHELLS;10000;1
143500;;SUBMISSION;RAINFOREST_RESIN;SEASHELLS;10000;1
143600;;SUBMISSION;RAINFOREST_RESIN;SEASHELLS;10000;1
143700;SUBMISSION;;RAINFOREST_RESIN;SEASHELLS;9998;1
143800;SUBMISSION;;RAINFOREST_RESIN;SEASHELLS;9998;1
143900;SUBMISSION;;RAINFOREST_RESIN;SEASHELLS;9998;1
143900;;SUBMISSION;RAINFOREST_RESIN;SEASHELLS;10002;1
144000;SUBMISSION;;RAINFOREST_RESIN;SEASHELLS;9998;1
144100;SUBMISSION;;RAINFOREST_RESIN;SEASHELLS;9998;1
144200;SUBMISSION;;RAINFOREST_RESIN;SEASHELLS;9998;1
144300;SUBMISSION;;RAINFOREST_RESIN;SEASHELLS;9998;1
144400;SUBMISSION;;RAINFOREST_RESIN;SEASHELLS;9998;1
144500;SUBMISSION;;RAINFOREST_RESIN;SEASHELLS;9998;1
144600;SUBMISSION;;RAINFOREST_RESIN;SEASHELLS;9998;1
144600;;SUBMISSION;RAINFOREST_RESIN;SEASHELLS;10002;2
144700;;SUBMISSION;RAINFOREST_RESIN;SEASHELLS;10000;2
144800;;SUBMISSION;RAINFOREST_RESIN;SEASHELLS;10000;2
144900;;SUBMISSION;RAINFOREST_RESIN;SEASHELLS;10000;2
145000;;SUBMISSION;RAINFOREST_RESIN;SEASHELLS;10000;2
145100;SUBMISSION;;RAINFOREST_RESIN;SEASHELLS;9998;1
145200;SUBMISSION;;RAINFOREST_RESIN;SEASHELLS;9998;1
145300;SUBMISSION;;RAINFOREST_RESIN;SEASHELLS;9998;1
145400;SUBMISSION;;RAINFOREST_RESIN;SEASHELLS;9998;3
145500;SUBMISSION;;RAINFOREST_RESIN;SEASHELLS;9998;1
145500;;SUBMISSION;RAINFOREST_RESIN;SEASHELLS;10002;1
145600;;SUBMISSION;RAINFOREST_RESIN;SEASHELLS;10000;1
145700;;SUBMISSION;RAINFOREST_RESIN;SEASHELLS;10000;1
145800;;SUBMISSION;RAINFOREST_RESIN;SEASHELLS;10000;2
145800;;SUBMISSION;RAINFOREST_RESIN;SEASHELLS;10000;8
145900;;SUBMISSION;RAINFOREST_RESIN;SEASHELLS;10000;2
145900;;SUBMISSION;RAINFOREST_RESIN;SEASHELLS;10000;8
146000;;SUBMISSION;RAINFOREST_RESIN;SEASHELLS;10000;2
146000;;SUBMISSION;RAINFOREST_RESIN;SEASHELLS;10000;8
146100;;SUBMISSION;RAINFOREST_RESIN;SEASHELLS;10000;2
146100;;SUBMISSION;RAINFOREST_RESIN;SEASHELLS;10000;8
146200;;SUBMISSION;RAINFOREST_RESIN;SEASHELLS;10002;2
146200;;SUBMISSION;RAINFOREST_RESIN;SEASHELLS;10002;8
146300;SUBMISSION;;RAINFOREST_RESIN;SEASHELLS;10000;1
146400;SUBMISSION;;RAINFOREST_RESIN;SEASHELLS;10000;1
146500;SUBMISSION;;RAINFOREST_RESIN;SEASHELLS;10000;1
146600;;SUBMISSION;RAINFOREST_RESIN;SEASHELLS;10002;1
146700;SUBMISSION;;RAINFOREST_RESIN;SEASHELLS;10000;4
146800;SUBMISSION;;RAINFOREST_RESIN;SEASHELLS;10000;4
146900;SUBMISSION;;RAINFOREST_RESIN;SEASHELLS;10000;4
147000;SUBMISSION;;RAINFOREST_RESIN;SEASHELLS;10000;4
147100;SUBMISSION;;RAINFOREST_RESIN;SEASHELLS;10000;4
147200;;SUBMISSION;RAINFOREST_RESIN;SEASHELLS;10000;4
147300;SUBMISSION;;RAINFOREST_RESIN;SEASHELLS;10000;4
147400;;SUBMISSION;RAINFOREST_RESIN;SEASHELLS;10000;4
147500;SUBMISSION;;RAINFOREST_RESIN;SEASHELLS;10000;4
147600;;SUBMISSION;RAINFOREST_RESIN;SEASHELLS;10000;4
147700;SUBMISSION;;RAINFOREST_RESIN;SEASHELLS;10000;4
147700;;SUBMISSION;RAINFOREST_RESIN;SEASHELLS;10002;1
147800;;SUBMISSION;RAINFOREST_RESIN;SEASHELLS;10000;1
147900;;SUBMISSION;RAINFOREST_RESIN;SEASHELLS;10000;1
148000;;SUBMISSION;RAINFOREST_RESIN;SEASHELLS;10001;1
148100;;SUBMISSION;RAINFOREST_RESIN;SEASHELLS;10002;1
148200;;SUBMISSION;RAINFOREST_RESIN;SEASHELLS;10002;1
148300;;SUBMISSION;RAINFOREST_RESIN;SEASHELLS;10002;1
148400;;SUBMISSION;RAINFOREST_RESIN;SEASHELLS;10002;1
148500;;SUBMISSION;RAINFOREST_RESIN;SEASHELLS;10002;1
148600;;SUBMISSION;RAINFOREST_RESIN;SEASHELLS;10002;1
148700;;SUBMISSION;RAINFOREST_RESIN;SEASHELLS;10002;1
148800;;SUBMISSION;RAINFOREST_RESIN;SEASHELLS;10002;2
148900;;SUBMISSION;RAINFOREST_RESIN;SEASHELLS;10002;2
149000;;SUBMISSION;RAINFOREST_RESIN;SEASHELLS;10002;5
149000;;SUBMISSION;RAINFOREST_RESIN;SEASHELLS;10002;2
149100;;SUBMISSION;RAINFOREST_RESIN;SEASHELLS;10002;2
149200;;SUBMISSION;RAINFOREST_RESIN;SEASHELLS;10002;1
149200;;SUBMISSION;RAINFOREST_RESIN;SEASHELLS;10002;2
149300;;SUBMISSION;RAINFOREST_RESIN;SEASHELLS;10002;2
149400;;SUBMISSION;RAINFOREST_RESIN;SEASHELLS;10002;2
149500;;SUBMISSION;RAINFOREST_RESIN;SEASHELLS;10002;2
149600;;SUBMISSION;RAINFOREST_RESIN;SEASHELLS;10002;2
149700;;SUBMISSION;RAINFOREST_RESIN;SEASHELLS;10002;6
149700;;SUBMISSION;RAINFOREST_RESIN;SEASHELLS;10002;2
149800;;SUBMISSION;RAINFOREST_RESIN;SEASHELLS;10002;5
149800;;SUBMISSION;RAINFOREST_RESIN;SEASHELLS;10002;2
149900;;SUBMISSION;RAINFOREST_RESIN;SEASHELLS;10002;2
149900;;SUBMISSION;RAINFOREST_RESIN;SEASHELLS;10002;1
150100;SUBMISSION;;RAINFOREST_RESIN;SEASHELLS;10000;1
150200;SUBMISSION;;RAINFOREST_RESIN;SEASHELLS;10000;1
150300;SUBMISSION;;RAINFOREST_RESIN;SEASHELLS;10000;1
150400;SUBMISSION;;RAINFOREST_RESIN;SEASHELLS;10000;1
150500;SUBMISSION;;RAINFOREST_RESIN;SEASHELLS;10000;1
150500;;SUBMISSION;RAINFOREST_RESIN;SEASHELLS;10002;1
150600;;SUBMISSION;RAINFOREST_RESIN;SEASHELLS;10002;1
150700;;SUBMISSION;RAINFOREST_RESIN;SEASHELLS;10002;1
150800;;SUBMISSION;RAINFOREST_RESIN;SEASHELLS;10002;1
150900;;SUBMISSION;RAINFOREST_RESIN;SEASHELLS;10002;1
153100;SUBMISSION;;RAINFOREST_RESIN;SEASHELLS;10000;3
153200;SUBMISSION;;RAINFOREST_RESIN;SEASHELLS;10000;3
153300;SUBMISSION;;RAINFOREST_RESIN;SEASHELLS;10000;3
153400;SUBMISSION;;RAINFOREST_RESIN;SEASHELLS;10000;3
153500;SUBMISSION;;RAINFOREST_RESIN;SEASHELLS;10000;3
153600;SUBMISSION;;RAINFOREST_RESIN;SEASHELLS;10000;1
153700;SUBMISSION;;RAINFOREST_RESIN;SEASHELLS;10000;1
153800;SUBMISSION;;RAINFOREST_RESIN;SEASHELLS;10000;1
153900;SUBMISSION;;RAINFOREST_RESIN;SEASHELLS;10000;1
154000;SUBMISSION;;RAINFOREST_RESIN;SEASHELLS;10000;1
154100;SUBMISSION;;RAINFOREST_RESIN;SEASHELLS;10000;1
154200;SUBMISSION;;RAINFOREST_RESIN;SEASHELLS;10000;1
154300;SUBMISSION;;RAINFOREST_RESIN;SEASHELLS;10000;1
154400;SUBMISSION;;RAINFOREST_RESIN;SEASHELLS;10000;1
154500;SUBMISSION;;RAINFOREST_RESIN;SEASHELLS;10000;1
154600;SUBMISSION;;RAINFOREST_RESIN;SEASHELLS;10000;1
154700;SUBMISSION;;RAINFOREST_RESIN;SEASHELLS;10000;1
154800;SUBMISSION;;RAINFOREST_RESIN;SEASHELLS;10000;1
154800;;SUBMISSION;RAINFOREST_RESIN;SEASHELLS;10002;1
154900;;SUBMISSION;RAINFOREST_RESIN;SEASHELLS;10002;1
155000;;SUBMISSION;RAINFOREST_RESIN;SEASHELLS;10002;1
155100;;SUBMISSION;RAINFOREST_RESIN;SEASHELLS;10002;1
155200;;SUBMISSION;RAINFOREST_RESIN;SEASHELLS;10002;1
155200;;SUBMISSION;RAINFOREST_RESIN;SEASHELLS;10002;1
155300;;SUBMISSION;RAINFOREST_RESIN;SEASHELLS;10002;1
155400;;SUBMISSION;RAINFOREST_RESIN;SEASHELLS;10002;1
155500;;SUBMISSION;RAINFOREST_RESIN;SEASHELLS;10002;1
155600;SUBMISSION;;RAINFOREST_RESIN;SEASHELLS;10000;1
155700;SUBMISSION;;RAINFOREST_RESIN;SEASHELLS;10000;1
155800;;SUBMISSION;RAINFOREST_RESIN;SEASHELLS;10002;1
155900;;SUBMISSION;RAINFOREST_RESIN;SEASHELLS;10002;1
156000;;SUBMISSION;RAINFOREST_RESIN;SEASHELLS;10002;1
156100;;SUBMISSION;RAINFOREST_RESIN;SEASHELLS;10002;1
156200;;SUBMISSION;RAINFOREST_RESIN;SEASHELLS;10002;1
156300;;SUBMISSION;RAINFOREST_RESIN;SEASHELLS;10002;1
156400;;SUBMISSION;RAINFOREST_RESIN;SEASHELLS;10002;1
156400;;SUBMISSION;RAINFOREST_RESIN;SEASHELLS;10002;1
156500;;SUBMISSION;RAINFOREST_RESIN;SEASHELLS;10002;3
156600;;SUBMISSION;RAINFOREST_RESIN;SEASHELLS;10002;3
156700;SUBMISSION;;RAINFOREST_RESIN;SEASHELLS;10000;1
156700;SUBMISSION;;RAINFOREST_RESIN;SEASHELLS;10000;1
156800;SUBMISSION;;RAINFOREST_RESIN;SEASHELLS;10000;1
156800;SUBMISSION;;RAINFOREST_RESIN;SEASHELLS;10000;1
156900;SUBMISSION;;RAINFOREST_RESIN;SEASHELLS;10000;1
156900;SUBMISSION;;RAINFOREST_RESIN;SEASHELLS;10000;1
157000;SUBMISSION;;RAINFOREST_RESIN;SEASHELLS;10000;1
157000;SUBMISSION;;RAINFOREST_RESIN;SEASHELLS;10000;1
157100;SUBMISSION;;RAINFOREST_RESIN;SEASHELLS;10000;1
157100;SUBMISSION;;RAINFOREST_RESIN;SEASHELLS;10000;1
157200;SUBMISSION;;RAINFOREST_RESIN;SEASHELLS;10000;1
157200;SUBMISSION;;RAINFOREST_RESIN;SEASHELLS;10000;1
157300;SUBMISSION;;RAINFOREST_RESIN;SEASHELLS;10000;1
157300;SUBMISSION;;RAINFOREST_RESIN;SEASHELLS;10000;1
157400;;SUBMISSION;RAINFOREST_RESIN;SEASHELLS;10002;1
157400;;SUBMISSION;RAINFOREST_RESIN;SEASHELLS;10002;10
157500;;SUBMISSION;RAINFOREST_RESIN;SEASHELLS;10002;10
158300;SUBMISSION;;RAINFOREST_RESIN;SEASHELLS;10000;7
158400;SUBMISSION;;RAINFOREST_RESIN;SEASHELLS;10000;7
158500;SUBMISSION;;RAINFOREST_RESIN;SEASHELLS;10000;7
158600;SUBMISSION;;RAINFOREST_RESIN;SEASHELLS;10000;7
158700;SUBMISSION;;RAINFOREST_RESIN;SEASHELLS;10000;7
158800;SUBMISSION;;RAINFOREST_RESIN;SEASHELLS;10000;7
158900;SUBMISSION;;RAINFOREST_RESIN;SEASHELLS;10000;7
159000;SUBMISSION;;RAINFOREST_RESIN;SEASHELLS;10000;7
159100;SUBMISSION;;RAINFOREST_RESIN;SEASHELLS;9998;7
159200;SUBMISSION;;RAINFOREST_RESIN;SEASHELLS;9998;7
159300;SUBMISSION;;RAINFOREST_RESIN;SEASHELLS;9998;9
159400;SUBMISSION;;RAINFOREST_RESIN;SEASHELLS;9998;9
159400;;SUBMISSION;RAINFOREST_RESIN;SEASHELLS;10000;6
159500;SUBMISSION;;RAINFOREST_RESIN;SEASHELLS;9998;9
159600;SUBMISSION;;RAINFOREST_RESIN;SEASHELLS;9998;9
160100;;SUBMISSION;RAINFOREST_RESIN;SEASHELLS;10000;2
160200;;SUBMISSION;RAINFOREST_RESIN;SEASHELLS;10000;2
160300;;SUBMISSION;RAINFOREST_RESIN;SEASHELLS;10000;2
160400;SUBMISSION;;RAINFOREST_RESIN;SEASHELLS;9998;1
160500;SUBMISSION;;RAINFOREST_RESIN;SEASHELLS;9998;1
160600;SUBMISSION;;RAINFOREST_RESIN;SEASHELLS;9998;1
160600;;SUBMISSION;RAINFOREST_RESIN;SEASHELLS;10002;1
160700;;SUBMISSION;RAINFOREST_RESIN;SEASHELLS;10000;1
160800;;SUBMISSION;RAINFOREST_RESIN;SEASHELLS;10002;2
160800;;SUBMISSION;RAINFOREST_RESIN;SEASHELLS;10000;1
160900;;SUBMISSION;RAINFOREST_RESIN;SEASHELLS;10000;3
160900;;SUBMISSION;RAINFOREST_RESIN;SEASHELLS;10000;1
161000;;SUBMISSION;RAINFOREST_RESIN;SEASHELLS;10000;1
161100;;SUBMISSION;RAINFOREST_RESIN;SEASHELLS;10000;1
161200;;SUBMISSION;RAINFOREST_RESIN;SEASHELLS;10000;1
161300;;SUBMISSION;RAINFOREST_RESIN;SEASHELLS;10000;1
161400;;SUBMISSION;RAINFOREST_RESIN;SEASHELLS;10000;1
161500;;SUBMISSION;RAINFOREST_RESIN;SEASHELLS;10000;1
161600;;SUBMISSION;RAINFOREST_RESIN;SEASHELLS;10000;1
161700;SUBMISSION;;RAINFOREST_RESIN;SEASHELLS;9998;1
161800;SUBMISSION;;RAINFOREST_RESIN;SEASHELLS;9998;1
161900;SUBMISSION;;RAINFOREST_RESIN;SEASHELLS;9998;1
162000;SUBMISSION;;RAINFOREST_RESIN;SEASHELLS;9998;1
162100;SUBMISSION;;RAINFOREST_RESIN;SEASHELLS;9998;1
162200;SUBMISSION;;RAINFOREST_RESIN;SEASHELLS;9998;1
162300;SUBMISSION;;RAINFOREST_RESIN;SEASHELLS;9998;1
162400;SUBMISSION;;RAINFOREST_RESIN;SEASHELLS;9998;1
162500;SUBMISSION;;RAINFOREST_RESIN;SEASHELLS;9998;1
162600;SUBMISSION;;RAINFOREST_RESIN;SEASHELLS;9998;1
162700;SUBMISSION;;RAINFOREST_RESIN;SEASHELLS;9998;1
162800;SUBMISSION;;RAINFOREST_RESIN;SEASHELLS;9998;1
162900;SUBMISSION;;RAINFOREST_RESIN;SEASHELLS;9998;1
163000;SUBMISSION;;RAINFOREST_RESIN;SEASHELLS;9998;4
163100;SUBMISSION;;RAINFOREST_RESIN;SEASHELLS;9998;2
163500;;SUBMISSION;RAINFOREST_RESIN;SEASHELLS;10002;3
163600;;SUBMISSION;RAINFOREST_RESIN;SEASHELLS;10000;3
163700;;SUBMISSION;RAINFOREST_RESIN;SEASHELLS;10000;3
163800;;SUBMISSION;RAINFOREST_RESIN;SEASHELLS;10000;3
163900;;SUBMISSION;RAINFOREST_RESIN;SEASHELLS;10000;3
164000;SUBMISSION;;RAINFOREST_RESIN;SEASHELLS;9998;1
164100;SUBMISSION;;RAINFOREST_RESIN;SEASHELLS;9998;1
164200;SUBMISSION;;RAINFOREST_RESIN;SEASHELLS;9998;1
164300;SUBMISSION;;RAINFOREST_RESIN;SEASHELLS;9998;1
164400;SUBMISSION;;RAINFOREST_RESIN;SEASHELLS;9998;1
164500;SUBMISSION;;RAINFOREST_RESIN;SEASHELLS;9998;1
164600;SUBMISSION;;RAINFOREST_RESIN;SEASHELLS;9998;1
164700;SUBMISSION;;RAINFOREST_RESIN;SEASHELLS;9998;1
164800;SUBMISSION;;RAINFOREST_RESIN;SEASHELLS;9998;1
164900;;SUBMISSION;RAINFOREST_RESIN;SEASHELLS;10000;2
164900;;SUBMISSION;RAINFOREST_RESIN;SEASHELLS;10000;6
165000;;SUBMISSION;RAINFOREST_RESIN;SEASHELLS;10000;2
165000;;SUBMISSION;RAINFOREST_RESIN;SEASHELLS;10000;6
165100;;SUBMISSION;RAINFOREST_RESIN;SEASHELLS;10000;2
165100;;SUBMISSION;RAINFOREST_RESIN;SEASHELLS;10000;6
165200;;SUBMISSION;RAINFOREST_RESIN;SEASHELLS;10000;2
165200;;SUBMISSION;RAINFOREST_RESIN;SEASHELLS;10000;6
165300;;SUBMISSION;RAINFOREST_RESIN;SEASHELLS;10000;2
165300;;SUBMISSION;RAINFOREST_RESIN;SEASHELLS;10000;6
165400;;SUBMISSION;RAINFOREST_RESIN;SEASHELLS;10000;2
165400;;SUBMISSION;RAINFOREST_RESIN;SEASHELLS;10000;6
165500;;SUBMISSION;RAINFOREST_RESIN;SEASHELLS;10002;2
165500;;SUBMISSION;RAINFOREST_RESIN;SEASHELLS;10002;6
165600;;SUBMISSION;RAINFOREST_RESIN;SEASHELLS;10002;2
165600;;SUBMISSION;RAINFOREST_RESIN;SEASHELLS;10002;6
165700;;SUBMISSION;RAINFOREST_RESIN;SEASHELLS;10002;2
165700;;SUBMISSION;RAINFOREST_RESIN;SEASHELLS;10002;6
165800;;SUBMISSION;RAINFOREST_RESIN;SEASHELLS;10002;2
165800;;SUBMISSION;RAINFOREST_RESIN;SEASHELLS;10002;6
165900;;SUBMISSION;RAINFOREST_RESIN;SEASHELLS;10002;2
165900;;SUBMISSION;RAINFOREST_RESIN;SEASHELLS;10002;6
166000;;SUBMISSION;RAINFOREST_RESIN;SEASHELLS;10002;2
166000;;SUBMISSION;RAINFOREST_RESIN;SEASHELLS;10002;4
166400;SUBMISSION;;RAINFOREST_RESIN;SEASHELLS;10000;1
166500;SUBMISSION;;RAINFOREST_RESIN;SEASHELLS;10000;1
166600;SUBMISSION;;RAINFOREST_RESIN;SEASHELLS;10000;1
166700;SUBMISSION;;RAINFOREST_RESIN;SEASHELLS;10000;1
166800;SUBMISSION;;RAINFOREST_RESIN;SEASHELLS;10000;1
166900;SUBMISSION;;RAINFOREST_RESIN;SEASHELLS;10000;1
167000;SUBMISSION;;RAINFOREST_RESIN;SEASHELLS;10000;1
167100;SUBMISSION;;RAINFOREST_RESIN;SEASHELLS;10000;1
167200;SUBMISSION;;RAINFOREST_RESIN;SEASHELLS;10000;1
167300;SUBMISSION;;RAINFOREST_RESIN;SEASHELLS;10000;1
167400;SUBMISSION;;RAINFOREST_RESIN;SEASHELLS;10000;1
167500;SUBMISSION;;RAINFOREST_RESIN;SEASHELLS;10000;1
167600;SUBMISSION;;RAINFOREST_RESIN;SEASHELLS;10000;1
167700;SUBMISSION;;RAINFOREST_RESIN;SEASHELLS;10000;1
167800;SUBMISSION;;RAINFOREST_RESIN;SEASHELLS;10000;1
167900;SUBMISSION;;RAINFOREST_RESIN;SEASHELLS;10000;1
168000;SUBMISSION;;RAINFOREST_RESIN;SEASHELLS;10000;1
168100;;SUBMISSION;RAINFOREST_RESIN;SEASHELLS;10002;8
168200;;SUBMISSION;RAINFOREST_RESIN;SEASHELLS;10002;8
168300;;SUBMISSION;RAINFOREST_RESIN;SEASHELLS;10002;1
172700;SUBMISSION;;RAINFOREST_RESIN;SEASHELLS;10000;1
172800;SUBMISSION;;RAINFOREST_RESIN;SEASHELLS;10000;3
172900;SUBMISSION;;RAINFOREST_RESIN;SEASHELLS;10000;3
173000;SUBMISSION;;RAINFOREST_RESIN;SEASHELLS;10000;3
173100;SUBMISSION;;RAINFOREST_RESIN;SEASHELLS;10000;3
173200;SUBMISSION;;RAINFOREST_RESIN;SEASHELLS;10000;3
173300;SUBMISSION;;RAINFOREST_RESIN;SEASHELLS;10000;3
173400;;SUBMISSION;RAINFOREST_RESIN;SEASHELLS;10002;1
173500;SUBMISSION;;RAINFOREST_RESIN;SEASHELLS;10000;1
173500;;SUBMISSION;RAINFOREST_RESIN;SEASHELLS;10002;1
173600;SUBMISSION;;RAINFOREST_RESIN;SEASHELLS;10000;3
173700;SUBMISSION;;RAINFOREST_RESIN;SEASHELLS;10000;3
173800;SUBMISSION;;RAINFOREST_RESIN;SEASHELLS;10000;3
173900;SUBMISSION;;RAINFOREST_RESIN;SEASHELLS;10000;3
174000;;SUBMISSION;RAINFOREST_RESIN;SEASHELLS;10002;9
174100;SUBMISSION;;RAINFOREST_RESIN;SEASHELLS;10000;1
174200;SUBMISSION;;RAINFOREST_RESIN;SEASHELLS;10000;1
174300;;SUBMISSION;RAINFOREST_RESIN;SEASHELLS;10002;1
174400;;SUBMISSION;RAINFOREST_RESIN;SEASHELLS;10002;1
174500;;SUBMISSION;RAINFOREST_RESIN;SEASHELLS;10002;1
174600;;SUBMISSION;RAINFOREST_RESIN;SEASHELLS;10002;1
174700;;SUBMISSION;RAINFOREST_RESIN;SEASHELLS;10002;1
174800;;SUBMISSION;RAINFOREST_RESIN;SEASHELLS;10002;1
174900;;SUBMISSION;RAINFOREST_RESIN;SEASHELLS;10002;1
175000;;SUBMISSION;RAINFOREST_RESIN;SEASHELLS;10002;1
175100;;SUBMISSION;RAINFOREST_RESIN;SEASHELLS;10002;1
175200;;SUBMISSION;RAINFOREST_RESIN;SEASHELLS;10002;1
175300;;SUBMISSION;RAINFOREST_RESIN;SEASHELLS;10002;1
175400;;SUBMISSION;RAINFOREST_RESIN;SEASHELLS;10002;1
175500;;SUBMISSION;RAINFOREST_RESIN;SEASHELLS;10002;1
175600;;SUBMISSION;RAINFOREST_RESIN;SEASHELLS;10002;1
175700;;SUBMISSION;RAINFOREST_RESIN;SEASHELLS;10002;1
175800;;SUBMISSION;RAINFOREST_RESIN;SEASHELLS;10002;1
175900;;SUBMISSION;RAINFOREST_RESIN;SEASHELLS;10002;1
176000;;SUBMISSION;RAINFOREST_RESIN;SEASHELLS;10002;1
176000;;SUBMISSION;RAINFOREST_RESIN;SEASHELLS;10002;1
176100;;SUBMISSION;RAINFOREST_RESIN;SEASHELLS;10002;1
176200;;SUBMISSION;RAINFOREST_RESIN;SEASHELLS;10002;1
176200;;SUBMISSION;RAINFOREST_RESIN;SEASHELLS;10002;1
176300;;SUBMISSION;RAINFOREST_RESIN;SEASHELLS;10002;1
177700;SUBMISSION;;RAINFOREST_RESIN;SEASHELLS;10000;1
177800;SUBMISSION;;RAINFOREST_RESIN;SEASHELLS;10000;1
177900;SUBMISSION;;RAINFOREST_RESIN;SEASHELLS;10000;1
178000;SUBMISSION;;RAINFOREST_RESIN;SEASHELLS;10000;1
178100;SUBMISSION;;RAINFOREST_RESIN;SEASHELLS;10000;1
178200;SUBMISSION;;RAINFOREST_RESIN;SEASHELLS;10000;1
178300;SUBMISSION;;RAINFOREST_RESIN;SEASHELLS;10000;1
178400;SUBMISSION;;RAINFOREST_RESIN;SEASHELLS;10000;1
178500;SUBMISSION;;RAINFOREST_RESIN;SEASHELLS;10000;1
178600;SUBMISSION;;RAINFOREST_RESIN;SEASHELLS;10000;1
178700;SUBMISSION;;RAINFOREST_RESIN;SEASHELLS;10000;1
178800;SUBMISSION;;RAINFOREST_RESIN;SEASHELLS;10000;1
178900;SUBMISSION;;RAINFOREST_RESIN;SEASHELLS;10000;1
179000;SUBMISSION;;RAINFOREST_RESIN;SEASHELLS;10000;1
179100;;SUBMISSION;RAINFOREST_RESIN;SEASHELLS;10002;1
179200;;SUBMISSION;RAINFOREST_RESIN;SEASHELLS;10002;1
179300;;SUBMISSION;RAINFOREST_RESIN;SEASHELLS;10002;1
179400;SUBMISSION;;RAINFOREST_RESIN;SEASHELLS;10000;2
179500;SUBMISSION;;RAINFOREST_RESIN;SEASHELLS;10000;2
179600;SUBMISSION;;RAINFOREST_RESIN;SEASHELLS;10000;4
179700;SUBMISSION;;RAINFOREST_RESIN;SEASHELLS;10000;4
179800;SUBMISSION;;RAINFOREST_RESIN;SEASHELLS;10000;4
179900;SUBMISSION;;RAINFOREST_RESIN;SEASHELLS;10000;8
180000;SUBMISSION;;RAINFOREST_RESIN;SEASHELLS;10000;2
180100;SUBMISSION;;RAINFOREST_RESIN;SEASHELLS;10000;2
180200;SUBMISSION;;RAINFOREST_RESIN;SEASHELLS;10000;3
180300;SUBMISSION;;RAINFOREST_RESIN;SEASHELLS;10000;3
180400;SUBMISSION;;RAINFOREST_RESIN;SEASHELLS;10000;4
180500;;SUBMISSION;RAINFOREST_RESIN;SEASHELLS;10002;3
180600;;SUBMISSION;RAINFOREST_RESIN;SEASHELLS;10002;3
180700;;SUBMISSION;RAINFOREST_RESIN;SEASHELLS;10002;3
180800;;SUBMISSION;RAINFOREST_RESIN;SEASHELLS;10002;1
180900;SUBMISSION;;RAINFOREST_RESIN;SEASHELLS;10000;1
181000;SUBMISSION;;RAINFOREST_RESIN;SEASHELLS;10000;1
181100;SUBMISSION;;RAINFOREST_RESIN;SEASHELLS;10000;1
181200;SUBMISSION;;RAINFOREST_RESIN;SEASHELLS;10000;1
181300;SUBMISSION;;RAINFOREST_RESIN;SEASHELLS;10000;1
181400;SUBMISSION;;RAINFOREST_RESIN;SEASHELLS;10000;1
181500;;SUBMISSION;RAINFOREST_RESIN;SEASHELLS;10002;1
181600;SUBMISSION;;RAINFOREST_RESIN;SEASHELLS;10000;2
181700;SUBMISSION;;RAINFOREST_RESIN;SEASHELLS;10000;2
181800;SUBMISSION;;RAINFOREST_RESIN;SEASHELLS;10000;2
181900;SUBMISSION;;RAINFOREST_RESIN;SEASHELLS;9999;2
181900;;SUBMISSION;RAINFOREST_RESIN;SEASHELLS;10002;1
182000;;SUBMISSION;RAINFOREST_RESIN;SEASHELLS;10002;1
182000;;SUBMISSION;RAINFOREST_RESIN;SEASHELLS;10000;1
182100;;SUBMISSION;RAINFOREST_RESIN;SEASHELLS;10002;1
182200;;SUBMISSION;RAINFOREST_RESIN;SEASHELLS;10002;1
182300;;SUBMISSION;RAINFOREST_RESIN;SEASHELLS;10002;1
182400;SUBMISSION;;RAINFOREST_RESIN;SEASHELLS;10000;1
182500;SUBMISSION;;RAINFOREST_RESIN;SEASHELLS;10000;1
182500;;SUBMISSION;RAINFOREST_RESIN;SEASHELLS;10002;4
182600;;SUBMISSION;RAINFOREST_RESIN;SEASHELLS;10002;4
182700;;SUBMISSION;RAINFOREST_RESIN;SEASHELLS;10002;4
182800;;SUBMISSION;RAINFOREST_RESIN;SEASHELLS;10002;4
182900;;SUBMISSION;RAINFOREST_RESIN;SEASHELLS;10002;4
183000;;SUBMISSION;RAINFOREST_RESIN;SEASHELLS;10002;4
183100;;SUBMISSION;RAINFOREST_RESIN;SEASHELLS;10002;4
183200;;SUBMISSION;RAINFOREST_RESIN;SEASHELLS;10002;1
183300;;SUBMISSION;RAINFOREST_RESIN;SEASHELLS;10002;1
183400;;SUBMISSION;RAINFOREST_RESIN;SEASHELLS;10002;1
183500;;SUBMISSION;RAINFOREST_RESIN;SEASHELLS;10002;1
183600;;SUBMISSION;RAINFOREST_RESIN;SEASHELLS;10002;1
183700;;SUBMISSION;RAINFOREST_RESIN;SEASHELLS;10002;1
183800;;SUBMISSION;RAINFOREST_RESIN;SEASHELLS;10002;1
183900;;SUBMISSION;RAINFOREST_RESIN;SEASHELLS;10002;1
184000;SUBMISSION;;RAINFOREST_RESIN;SEASHELLS;10000;6
184100;SUBMISSION;;RAINFOREST_RESIN;SEASHELLS;10000;6
184200;SUBMISSION;;RAINFOREST_RESIN;SEASHELLS;10000;6
184300;SUBMISSION;;RAINFOREST_RESIN;SEASHELLS;10000;6
184400;SUBMISSION;;RAINFOREST_RESIN;SEASHELLS;10000;6
184500;SUBMISSION;;RAINFOREST_RESIN;SEASHELLS;10000;6
184600;SUBMISSION;;RAINFOREST_RESIN;SEASHELLS;10000;6
184700;SUBMISSION;;RAINFOREST_RESIN;SEASHELLS;9998;1
184800;;SUBMISSION;RAINFOREST_RESIN;SEASHELLS;10002;5
184800;;SUBMISSION;RAINFOREST_RESIN;SEASHELLS;10000;3
184900;;SUBMISSION;RAINFOREST_RESIN;SEASHELLS;10002;1
184900;;SUBMISSION;RAINFOREST_RESIN;SEASHELLS;10002;3
184900;;SUBMISSION;RAINFOREST_RESIN;SEASHELLS;10002;5
185000;;SUBMISSION;RAINFOREST_RESIN;SEASHELLS;10002;3
185000;;SUBMISSION;RAINFOREST_RESIN;SEASHELLS;10002;5
185100;;SUBMISSION;RAINFOREST_RESIN;SEASHELLS;10002;3
185100;;SUBMISSION;RAINFOREST_RESIN;SEASHELLS;10002;5
185200;;SUBMISSION;RAINFOREST_RESIN;SEASHELLS;10002;1
185200;;SUBMISSION;RAINFOREST_RESIN;SEASHELLS;10002;3
185200;;SUBMISSION;RAINFOREST_RESIN;SEASHELLS;10002;5
185300;;SUBMISSION;RAINFOREST_RESIN;SEASHELLS;10002;3
185300;;SUBMISSION;RAINFOREST_RESIN;SEASHELLS;10002;5
185400;;SUBMISSION;RAINFOREST_RESIN;SEASHELLS;10002;3
185400;;SUBMISSION;RAINFOREST_RESIN;SEASHELLS;10002;2
185500;SUBMISSION;;RAINFOREST_RESIN;SEASHELLS;10000;1
185600;SUBMISSION;;RAINFOREST_RESIN;SEASHELLS;10000;1
185700;SUBMISSION;;RAINFOREST_RESIN;SEASHELLS;10000;1
185800;SUBMISSION;;RAINFOREST_RESIN;SEASHELLS;10000;1
185900;SUBMISSION;;RAINFOREST_RESIN;SEASHELLS;10000;1
186000;SUBMISSION;;RAINFOREST_RESIN;SEASHELLS;10000;1
186000;;SUBMISSION;RAINFOREST_RESIN;SEASHELLS;10002;4
186100;SUBMISSION;;RAINFOREST_RESIN;SEASHELLS;10000;1
186200;SUBMISSION;;RAINFOREST_RESIN;SEASHELLS;10000;1
186300;SUBMISSION;;RAINFOREST_RESIN;SEASHELLS;10000;1
186400;;SUBMISSION;RAINFOREST_RESIN;SEASHELLS;10002;1
186400;;SUBMISSION;RAINFOREST_RESIN;SEASHELLS;10002;4
188400;SUBMISSION;;RAINFOREST_RESIN;SEASHELLS;10000;1
188500;;SUBMISSION;RAINFOREST_RESIN;SEASHELLS;10002;1
189600;SUBMISSION;;RAINFOREST_RESIN;SEASHELLS;10000;1
189700;SUBMISSION;;RAINFOREST_RESIN;SEASHELLS;10000;1
189700;;SUBMISSION;RAINFOREST_RESIN;SEASHELLS;10002;1
189800;SUBMISSION;;RAINFOREST_RESIN;SEASHELLS;10000;1
189800;;SUBMISSION;RAINFOREST_RESIN;SEASHELLS;10002;1
189900;;SUBMISSION;RAINFOREST_RESIN;SEASHELLS;10002;1
190900;SUBMISSION;;RAINFOREST_RESIN;SEASHELLS;10000;5
191000;;SUBMISSION;RAINFOREST_RESIN;SEASHELLS;10002;1
191100;;SUBMISSION;RAINFOREST_RESIN;SEASHELLS;10002;1
191200;;SUBMISSION;RAINFOREST_RESIN;SEASHELLS;10002;1
191300;;SUBMISSION;RAINFOREST_RESIN;SEASHELLS;10002;1
191400;SUBMISSION;;RAINFOREST_RESIN;SEASHELLS;10000;1
191500;SUBMISSION;;RAINFOREST_RESIN;SEASHELLS;10000;1
191600;SUBMISSION;;RAINFOREST_RESIN;SEASHELLS;10000;1
191700;SUBMISSION;;RAINFOREST_RESIN;SEASHELLS;10000;1
191800;;SUBMISSION;RAINFOREST_RESIN;SEASHELLS;10002;2
191800;;SUBMISSION;RAINFOREST_RESIN;SEASHELLS;10002;3
192200;SUBMISSION;;RAINFOREST_RESIN;SEASHELLS;10000;1
192300;SUBMISSION;;RAINFOREST_RESIN;SEASHELLS;10000;2
192400;SUBMISSION;;RAINFOREST_RESIN;SEASHELLS;10000;2
192500;SUBMISSION;;RAINFOREST_RESIN;SEASHELLS;10000;1
192600;SUBMISSION;;RAINFOREST_RESIN;SEASHELLS;10000;1
192600;;SUBMISSION;RAINFOREST_RESIN;SEASHELLS;10002;3
192700;SUBMISSION;;RAINFOREST_RESIN;SEASHELLS;10000;1
192800;SUBMISSION;;RAINFOREST_RESIN;SEASHELLS;10000;1
192800;SUBMISSION;;RAINFOREST_RESIN;SEASHELLS;10000;5
192900;SUBMISSION;;RAINFOREST_RESIN;SEASHELLS;10000;1
192900;SUBMISSION;;RAINFOREST_RESIN;SEASHELLS;10000;5
193000;SUBMISSION;;RAINFOREST_RESIN;SEASHELLS;10000;1
193000;SUBMISSION;;RAINFOREST_RESIN;SEASHELLS;10000;5
193100;SUBMISSION;;RAINFOREST_RESIN;SEASHELLS;10000;1
193100;SUBMISSION;;RAINFOREST_RESIN;SEASHELLS;10000;5
193200;SUBMISSION;;RAINFOREST_RESIN;SEASHELLS;10000;1
193200;SUBMISSION;;RAINFOREST_RESIN;SEASHELLS;10000;5
193300;;SUBMISSION;RAINFOREST_RESIN;SEASHELLS;10002;4
193300;;SUBMISSION;RAINFOREST_RESIN;SEASHELLS;10002;1
193400;;SUBMISSION;RAINFOREST_RESIN;SEASHELLS;10002;1
193400;;SUBMISSION;RAINFOREST_RESIN;SEASHELLS;10002;4
193500;;SUBMISSION;RAINFOREST_RESIN;SEASHELLS;10002;1
193500;;SUBMISSION;RAINFOREST_RESIN;SEASHELLS;10002;4
193600;;SUBMISSION;RAINFOREST_RESIN;SEASHELLS;10002;1
193600;;SUBMISSION;RAINFOREST_RESIN;SEASHELLS;10002;4
193700;;SUBMISSION;RAINFOREST_RESIN;SEASHELLS;10002;1
193700;;SUBMISSION;RAINFOREST_RESIN;SEASHELLS;10002;4
193800;SUBMISSION;;RAINFOREST_RESIN;SEASHELLS;10000;1
193900;SUBMISSION;;RAINFOREST_RESIN;SEASHELLS;10000;1
194000;SUBMISSION;;RAINFOREST_RESIN;SEASHELLS;10000;1
194100;SUBMISSION;;RAINFOREST_RESIN;SEASHELLS;10000;1
194200;SUBMISSION;;RAINFOREST_RESIN;SEASHELLS;10000;1
194300;SUBMISSION;;RAINFOREST_RESIN;SEASHELLS;10000;1
194400;SUBMISSION;;RAINFOREST_RESIN;SEASHELLS;10000;1
194500;;SUBMISSION;RAINFOREST_RESIN;SEASHELLS;10002;2
194600;;SUBMISSION;RAINFOREST_RESIN;SEASHELLS;10002;2
194700;;SUBMISSION;RAINFOREST_RESIN;SEASHELLS;10002;2
194800;;SUBMISSION;RAINFOREST_RESIN;SEASHELLS;10002;2
194900;;SUBMISSION;RAINFOREST_RESIN;SEASHELLS;10002;2
195000;;SUBMISSION;RAINFOREST_RESIN;SEASHELLS;10002;2
195100;;SUBMISSION;RAINFOREST_RESIN;SEASHELLS;10002;1
195100;;SUBMISSION;RAINFOREST_RESIN;SEASHELLS;10002;4
197400;SUBMISSION;;RAINFOREST_RESIN;SEASHELLS;10000;1
197400;SUBMISSION;;RAINFOREST_RESIN;SEASHELLS;10000;1
197500;SUBMISSION;;RAINFOREST_RESIN;SEASHELLS;10000;1
